3450 5234
699 504 859 567 ..91-

250 661 364 723 mum,
387 640 498 712 tundo
518 640 642 712 indici.
662 643 734 712 Hoc
754 642 849 712 enim
871 650 993 713 cavent
1015 644 1247 734 imperatores
1267 660 1312 713 ne

250 786 363 839 canon
391 774 488 838 totus
515 768 657 857 penitus
686 768 958 851 submoveatur,
985 788 1029 841 ne
1058 768 1119 841 ilat
1145 768 1313 841 alienatio

251 891 386 983 dempto
405 912 540 961 cuuouc
563 888 626 984 (1).

302 1019 372 1088 llas
394 1017 501 1108 igitur
525 1018 699 1089 babemus
724 1019 998 1108 emphyteuseos
1018 1037 1164 1109 genera,
1188 1019 1313 1091 modos

251 1151 284 1216 el
304 1144 458 1234 regulas.
847 1215 849 1218 ,

300 1270 342 1339 ll.
373 1270 456 1340 Post
482 1269 743 1360 emphyteusim
768 1269 943 1344 babemus
968 1269 1085 1340 adbuc
1111 1269 1314 1341 conductio-

251 1412 332 1464 nem
353 1395 602 1485 temporariam
623 1414 713 1484 qnae
731 1395 850 1465 minus
867 1402 900 1465 et
917 1394 1036 1465 minus
1054 1394 1215 1465 adbibita
1235 1413 1314 1467 esse

253 1517 389 1589 videtur
419 1515 480 1611 (1),
505 1518 664 1589 nondum
693 1526 811 1590 tamen
840 1518 983 1609 penitus
1011 1519 1164 1590 sublata.
1188 1520 1312 1591 Utrum

252 1643 426 1715 locatione
452 1652 623 1734 perpetua
648 1663 694 1713 an
720 1645 934 1735 temporaria
961 1652 1145 1716 uterentur
1169 1645 1313 1717 ordines

252 1767 431 1839 civitatum
463 1770 500 1837 in
530 1768 771 1840 conducendis
799 1770 848 1840 rei
879 1770 1034 1860 privatae
1054 1770 1196 1859 pascuis
1216 1770 1314 1841 salti-

251 1890 392 1981 busque
412 1910 484 1962 nou
504 1893 616 1982 liquet
636 1891 647 1986 (
673 1891 701 1983 ).

301 2018 360 2086 lll.
390 2019 560 2107 Superest
578 2020 717 2089 cultura
740 2018 918 2091 dominica
943 2026 1158 2109 peractores
1178 2022 1240 2111 qui
1260 2023 1313 2095 vel

252 2140 363 2212 servis
393 2143 654 2233 mancipiisque
680 2145 732 2214 vel
765 2145 901 2216 colonis
930 2147 983 2216 vel
1015 2146 1176 2237 utrisque
1206 2149 1313 2219 simul

253 2273 443 2356 praesunt,
465 2287 555 2358 quos
579 2269 684 2340 eliam
709 2276 961 2360 procuratores
987 2272 1081 2361 leges
1105 2280 1230 2343 vocant
1250 2270 1310 2367 (l).

253 2390 336 2481 Sed,
355 2392 583 2482 plerumque,
607 2394 690 2464 binc
705 2396 922 2485 perpetuarii
941 2396 1192 2481 conductores,
1213 2398 1313 2469 illinc

252 2514 421 2587 dominici
437 2524 572 2588 actores
594 2527 776 2608 ponuntur
795 2517 863 2613 (6);
883 2540 999 2610 neque
1019 2540 1159 2612 semper
1178 2531 1314 2595 actores

148 2731 151 2743 Ι
252 2640 341 2711 servi
364 2648 468 2722 suut,
492 2649 530 2713 ut
548 2650 653 2714 antea
675 2668 683 2713 :
704 2644 825 2735 itaque
843 2653 936 2717 vetat
956 2646 1135 2719 Honorius
1158 2666 1201 2718 ne
1221 2649 1315 2719 inter

251 2764 402 2833 curiales
426 2764 601 2855 eligantur
625 2775 659 2838 et
684 2768 728 2839 ad
750 2769 817 2839 boc
837 2788 968 2841 munus
988 2771 1150 2863 officiales
1176 2775 1312 2862 praesi-

251 2885 311 2957 dio
347 2887 400 2958 vel
433 2910 479 2955 em
509 2889 712 2980 officialibus
745 2894 970 2966 commendat
1003 2893 1049 2989 (6)
1084 2922 1092 2967 :
1126 2897 1221 2969 undo
1253 2917 1314 2971 eos

286 3296 317 3359 (1)
333 3295 363 3347 G.
381 3298 458 3357 lust,
476 3299 528 3361 XI,
545 3300 587 3362 62,
606 3301 642 3352 13.
661 3318 674 3348 r
692 3302 842 3365 Plerosque
855 3306 980 3367 publicos
996 3308 1097 3357 fundos
1113 3310 1262 3359 orientales
1278 3313 1317 3360 ita

252 3385 364 3449 dempto
380 3402 485 3438 canone
502 3404 517 3437 a
532 3390 647 3439 Valente
664 3393 810 3455 alienatos,
827 3410 843 3442 a
858 3394 997 3445 Marciano
1012 3402 1156 3447 revocatos
1173 3414 1232 3449 esse
1248 3400 1316 3449 Mal·
1363 3455 1368 3470 ,

252 3474 320 3523 chus
336 3476 428 3527 tradit.
445 3494 457 3523 n
473 3478 585 3541 (bidos,
603 3481 635 3528 fr.
652 3480 683 3543 6).
697 3509 728 3516 -
740 3480 781 3531 Cf.
800 3483 948 3545 Appendix
964 3486 997 3534 ΙΙ.

283 3563 316 3625 (2)
333 3563 364 3613 C.
381 3566 458 3623 lust,
475 3567 522 3629 XI,
541 3568 580 3626 71,
595 3570 617 3628 5,
634 3570 645 3632 fl
661 3570 683 3619 6.
699 3598 730 3605 -
745 3570 775 3619 O.
790 3571 849 3633 Th,
866 3573 916 3635 XI,
936 3574 977 3636 16,
999 3576 1026 3624 lu
1038 3577 1122 3649 etum
1140 3578 1215 3640 XVI,
1233 3580 1259 3641 5,
1276 3580 1314 3630 51.

283 3653 316 3716 (3)
333 3653 363 3703 Ο.
380 3656 458 3713 lust,
472 3656 519 3718 XI,
536 3658 574 3716 61,
594 3658 603 3707 1
620 3673 625 3706 :
644 3675 656 3705 o
670 3664 739 3708 Cum
754 3664 834 3709 nulla
854 3666 927 3711 ratio
942 3667 979 3713 sit
995 3680 1046 3713 our
1060 3669 1091 3715 iu
1105 3671 1221 3727 pascuis
1236 3672 1315 3718 salti-

253 3746 305 3791 bus
320 3747 361 3792 rei
382 3748 510 3803 priuatae
525 3751 626 3807 pensio
642 3751 738 3797 debeat
757 3753 906 3813 ampliari,
925 3767 1104 3815 nequaquam
1124 3771 1176 3816 pro
1198 3760 1315 3810 libidine

252 3836 389 3882 ordinum
412 3842 567 3896 aupmeula
585 3841 715 3898 facienda
736 3845 812 3889 sunl.
830 3857 842 3888 n
861 3840 1018 3893 Conductio
1035 3846 1128 3907 potius
1150 3849 1316 3910 temporaria

252 3935 313 3971 esse
328 3923 446 3973 videtur.

284 4010 316 4074 (l)
331 4010 362 4061 C.
378 4013 438 4074 Tb,
455 4012 489 4075 ΙΙ,
508 4014 546 4074 30,
562 4016 589 4076 23
605 4017 667 4079 VII,
686 4018 722 4078 la,
739 4019 766 4076 8;
784 4020 816 4081 X,
833 4020 856 4071 l.
874 4020 895 4071 1.
913 4048 942 4056 -
955 4021 985 4072 C.
1002 4023 1079 4082 lust,
1096 4024 1144 4083 III,
1159 4025 1198 4085 26,
1217 4027 1240 4076 9.

285 4099 318 4163 (5)
332 4100 362 4150 d.
380 4102 439 4161 Tb,
456 4103 503 4163 XI,
521 4104 557 4166 19,
574 4104 606 4154 1;
622 4106 700 4165 «Qui
716 4109 829 4170 praedia
843 4110 1046 4173 patrimonialia
1058 4117 1085 4162 et
1100 4117 1312 4179 emphyteutica,

254 4188 377 4250 privatae
391 4205 501 4253 quoque
515 4194 563 4255 rei,
580 4200 714 4257 perpetuo
730 4198 789 4247 iure
804 4200 933 4261 retinent,
951 4204 977 4249 et
992 4202 1122 4253 dominici
1136 4208 1250 4255 actores.
1269 4220 1281 4255 u

284 4275 318 4339 (6)
333 4275 364 4327 O.
379 4278 439 4341 Tb,
454 4278 478 4342 1,
492 4280 530 4339 32,
546 4280 570 4332 2.
