3450 5234
835 582 874 595 -
896 547 935 609 88
956 580 1005 606 -,

378 657 458 765 res,
481 686 542 777 qui
568 686 653 757 oiim
678 647 723 757 ab
750 687 816 755 bac
838 684 1074 756 conductione
1094 683 1264 775 prohibiti
1286 668 1443 765 inerant,

383 810 530 900 comites
549 790 849 890 consistorianos,
872 805 1034 901 potentes
1057 810 1151 879 viros
1175 805 1247 902 (i);
1268 807 1446 898 palatinos
1505 850 1508 857 ·

383 912 509 1015 etiam,
531 933 694 1024 quamvis
723 933 861 1042 doceis
881 932 975 1023 leges
996 910 1267 1004 interdixissent
1291 927 1364 1024 (1);
1387 950 1446 1002 cu·

383 1060 490 1132 rietes
518 1060 579 1149 qui
603 1078 621 1130 e
642 1058 750 1130 curiis
774 1058 819 1129 ad
844 1058 973 1129 domus
994 1058 1244 1149 imperatoriae
1263 1056 1447 1147 privilegia

382 1184 634 1278 profugiebant
652 1164 726 1275 (5);
750 1165 938 1254 mediocris
963 1183 1069 1254 etiam
1094 1183 1257 1255 fortunae
1281 1182 1446 1254 homines

384 1276 474 1399 duos
502 1282 627 1398 saepe,
649 1307 739 1379 inita
764 1307 921 1397 quadam
952 1306 1119 1378 societate
1146 1307 1382 1378 communiter
1409 1307 1446 1376 in

374 1434 539 1531 praediis
559 1432 832 1527 emphyteuticis
853 1432 969 1504 rivere
988 1432 1227 1525 comperimus
1252 1428 1314 1525 (1).
1337 1433 1447 1503 Multo

382 1527 489 1629 etiam
519 1535 644 1652 piures
677 1556 789 1628 inisse
822 1576 929 1647 qnam
961 1556 1123 1629 crederes
1154 1558 1219 1628 bos
1251 1556 1447 1628 mediocres

382 1684 548 1755 homines
568 1690 724 1761 constat,
745 1657 806 1773 oui
827 1681 872 1753 ab
892 1683 1100 1774 usurpando
1121 1684 1279 1755 nominis
1300 1681 1448 1752 miiitiae

382 1791 639 1895 dignitatisque
665 1807 806 1897 cingulo
834 1808 1071 1897 prohibentur
1091 1806 1163 1901 (6),
1187 1809 1249 1898 qui
1276 1824 1400 1898 parum
1428 1792 1468 1875 a‘

383 1931 519 2004 colonis
540 1930 675 2003 distant
697 1931 761 2025 (6),
776 1952 993 2024 quamquam
1014 1934 1157 2006 diversi.
1177 1935 1224 2006 lis
1243 1934 1348 2006 etiam
1365 1938 1450 2003 sunt

382 2058 646 2129 annumerandi
680 2031 854 2149 collegiati
887 2067 922 2131 et
953 2061 1127 2151 corporati
1162 2060 1225 2150 qui
1263 2059 1331 2130 sub
1369 2076 1448 2149 per·

377 2153 490 2274 'petua
509 2157 745 2255 conductione
763 2184 859 2254 bona
880 2184 1018 2275 reliqua
1042 2186 1220 2257 civitatum
1247 2192 1281 2257 et
1304 2182 1450 2274 praedia

382 2306 504 2397 aliqua
530 2306 574 2377 de
594 2308 672 2378 iure
691 2309 905 2398 templorum
934 2309 978 2380 ad
1006 2309 1131 2381 fiscum
1156 2311 1328 2382 translata
1355 2316 1450 2381 tene·

382 2431 470 2509 bant
484 2428 533 2524 (7)
553 2431 670 2504 :inter
689 2450 750 2505 eos
769 2434 968 2524 reperimus
987 2436 1112 2506 Laetos
1130 2436 1210 2508 iilos
1231 2435 1275 2507 de
1295 2452 1448 2526 quorum

383 2554 588 2627 conditione
613 2556 718 2628 toties
743 2564 798 2629 est
820 2556 1041 2648 disputatum
1069 2566 1103 2631 et
1126 2579 1216 2651 quos
1244 2581 1285 2633 err
1305 2559 1450 2633 Novella

414 2800 447 2864 (1)
463 2799 494 2851 G.
510 2800 576 2861 Tb,
593 2802 627 2862 V,
645 2803 681 2865 13,
698 2804 727 2853 33
742 2803 799 2867 (ubi
815 2806 906 2868 agitur
924 2805 957 2855 de
976 2810 1139 2867 potentibus
1158 2811 1388 2873 conductoribus,
1410 2814 1449 2874 X,

384 2889 436 2953 5,1
461 2890 525 2955 (398)
547 2906 553 2940 :
575 2908 587 2938 n
607 2893 649 2942 Ne
667 2895 862 2944 consistoriani
883 2897 997 2946 comites
1017 2898 1195 2949 fideiussores
1215 2902 1244 2949 in
1263 2903 1450 2965 suscipiendis

383 2981 608 3044 possessionibus
628 2983 734 3035 darent.
750 2986 836 3035 -Ex
852 2987 1025 3037 immunitate
1043 2989 1138 3051 glebae
1157 2993 1311 3041 senatoriae
1327 2995 1450 3056 praediis

384 3071 597 3133 emphyteuticis
615 3086 763 3123 concessae
781 3074 821 3138 (O.
842 3076 909 3136 Th.,
925 3077 958 3136 V,
977 3076 1018 3131 11,
1035 3076 1059 3133 1)
1074 3084 1187 3141 apparet
1208 3082 1289 3130 etiam
1307 3088 1451 3134 senatores

383 3159 568 3210 conductores
580 3162 680 3221 fuisse;
696 3178 759 3212 nam
772 3167 851 3227 quasi
868 3166 971 3217 domini
987 3168 1164 3230 praediorum
1179 3172 1296 3221 istorum
1308 3174 1381 3236 facti,
1398 3189 1450 3238 pro

383 3247 426 3297 his
442 3248 549 3311 giebam
561 3253 728 3301 senatoriam
743 3256 902 3316 persolvere
916 3257 1081 3320 potuissent.
1096 3275 1108 3305 u

415 3336 493 3399 (1)(1.
511 3338 588 3401 lust,
605 3339 651 3403 XI,
667 3341 739 3400 13,1.
756 3357 803 3394 un.

417 3425 450 3488 (3)
466 3425 496 3475 0.
513 3426 573 3488 111,
590 3428 651 3492 XII,
670 3430 691 3491 1,
708 3432 746 3491 33,
765 3432 816 3484 111.

415 3514 448 3577 (1)
464 3514 495 3567 G.
509 3516 568 3579 Tb,
583 3518 616 3579 V,
635 3519 676 3580 13,
693 3521 735 3582 33;
753 3522 800 3581 XI,
818 3522 859 3585 19,
878 3523 921 3574 1-8
936 3524 976 3588 (ε.-
993 3525 1023 3575 0.
1040 3526 1118 3587 lust,
1136 3528 1191 3591 XI,
1207 3530 1246 3593 65,
1266 3532 1279 3580 3
1296 3546 1301 3580 :
1322 3532 1451 3585 «Omnes

384 3605 432 3667 qui
454 3607 660 3668 patrimoniales
679 3610 781 3661 fundos
802 3614 862 3663 sive
882 3618 1074 3666 communiter
1096 3618 1154 3668 sire
1174 3632 1208 3668 cx
1229 3634 1290 3670 asse
1310 3623 1450 3688 retinent).

385 3693 415 3745 Ο.
433 3695 574 3758 Iust.,X1,
591 3697 630 3756 68,
645 3699 668 3748 6.

416 3781 448 3846 (5)
461 3782 491 3834 G.
508 3784 567 3845 Th,
582 3786 615 3844 X,
631 3787 662 3837 26
675 3788 719 3850 (do
735 3790 951 3841 conductoribus
964 3794 1158 3846 ethominibus
1175 3798 1273 3848 domus
1288 3800 1449 3866 Augustae),

383 3872 484 3920 11111
506 3873 618 3923 Nullum
638 3876 766 3927 eiuslibet
786 3893 888 3929 nomen
907 3883 1021 3933 militiae
1040 3891 1190 3949 usurpent,
1215 3890 1318 3939 nullius
1339 3892 1451 3955 cingulo

385 3961 527 4024 dignitatis
543 3969 685 4018 utantur...
700 3985 712 4014 u

417 4052 450 4114 (6)
464 4051 494 4104 C.
510 4054 570 4103 iust
582 4093 588 4115 ,
602 4056 649 4115 Xi,
664 4057 702 4118 18,
718 4058 757 4108 22.

416 4142 449 4205 (7)
464 4142 494 4193 Ο.
509 4144 572 4206 Th„
592 4145 629 4204 Χ,
647 4147 674 4206 3,
695 4149 709 4197 5
724 4147 788 4211 (1011)
804 4163 810 4197 :
828 4168 840 4194 1
861 4150 1012 4212 Aedificia,
1031 4155 1125 4205 hortos
1143 4162 1225 4220 atque
1246 4174 1323 4209 areas
1339 4162 1450 4211 aedium

385 4233 557 4295 publicarum
572 4239 599 4283 et
614 4249 646 4283 oa
660 4238 828 4299 reipublicae
843 4241 904 4289 loca
918 4256 987 4304 quac
1008 4248 1054 4292 aut
1069 4245 1248 4296 includuntur
1258 4250 1402 4300 moenibus
1414 4253 1449 4302 ci·
1469 4231 1474 4243 Ι

385 4320 501 4369 vitatum
517 4327 564 4371 aut
579 4326 711 4386 pomeriis
732 4332 797 4377 sunt
813 4342 952 4390 connexa,
969 4332 1011 4381 vei
1027 4347 1059 4382 ea
1074 4348 1144 4397 quae
1159 4335 1193 4385 de
1208 4338 1269 4387 iure
1284 4341 1449 4402 templorum
