3450 5234
843 578 1022 639 „110-

403 712 536 791 quibns,
551 712 644 773 etiam
661 719 828 792 postquam
845 713 877 773 in
893 713 1100 774 Ecclesiarum
1117 715 1348 793 possessionem
1363 716 1465 776 venis-

402 827 488 893 seut,
504 820 670 898 antiquum
695 838 794 899 genus
819 821 997 895 locationis,
1016 822 1066 881 ius
1088 821 1206 881 scilicet
1230 824 1465 902 perpetuarium

402 928 434 987 in
449 928 571 1006 integro
586 929 825 1005 permansisset.

444 1035 562 1093 Novam
577 1032 682 1092 attulit
694 1036 837 1094 Brunner
850 1036 1047 1114 opinionem:
1060 1036 1127 1115 agri
1143 1034 1311 1115 vectigales
1326 1034 1464 1111 urbium,

403 1159 501 1219 quum
518 1159 536 1199 a
552 1140 755 1200 Constantino
770 1142 903 1221 eiusque
921 1142 1159 1202 successoribus
1174 1143 1206 1202 in
1224 1142 1350 1217 fiscum,
1367 1141 1466 1202 eecle-

402 1249 529 1327 siasque
548 1255 579 1306 et
599 1250 786 1308 monasteria
809 1248 951 1309 translati
973 1259 1093 1323 esseut,
1110 1267 1127 1309 a
1146 1250 1265 1310 luliano
1284 1248 1467 1310 civitatibus

404 1355 540 1414 restituti
562 1364 652 1426 sunt,
670 1356 729 1427 ita,
746 1356 911 1416 utiterum
930 1355 1193 1431 conductoribus,
1210 1358 1247 1417 iis
1264 1363 1369 1417 autem
1388 1364 1466 1415 tem

403 1462 556 1541 porariis,
575 1460 776 1522 traderentur
791 1460 846 1541 (1).
866 1462 927 1522 Sed
952 1465 1012 1523 iam
1035 1464 1075 1525 ab
1090 1466 1225 1525 Honorio
1245 1462 1371 1543 praedia
1392 1464 1468 1523 baec

404 1569 556 1649 paulatim
570 1568 610 1628 ad
626 1570 676 1630 ius
691 1572 927 1649 perpetuarium
944 1568 1121 1645 redierunt,
1135 1570 1188 1631 ubi
1204 1571 1236 1629 in
1250 1588 1322 1629 cum
1338 1570 1467 1630 canonis

406 1674 533 1735 modum
557 1674 811 1736 contendentium
836 1685 1003 1755 augmenta
1029 1684 1255 1737 succreverunt
1282 1684 1317 1736 ut
1340 1672 1466 1735 extendi

407 1782 486 1842 ultra
508 1801 569 1843 non
588 1791 717 1862 possent
732 1782 778 1862 (2)
791 1792 823 1843 et
839 1781 1047 1843 conductores
1064 1802 1210 1863 agrorum
1229 1782 1467 1863 municipalium

406 1998 541 2078 cipiente
558 2000 668 2077 quinto
682 1996 787 2058 seculo
803 1999 952 2077 spoliatae
968 2008 1042 2058 suut
1056 1999 1168 2059 iterum
1186 1998 1344 2071 civitates,
1359 1997 1468 2058 invitis

405 2105 498 2166 etiam
518 2105 762 2185 imperatoribus
777 2105 820 2185 (3)
838 2113 1051 2185 usurpatoque
1068 2105 1195 2166 suntab
1210 2104 1356 2166 Ecclesiis
1377 2122 1466 2183 prae·

405 2211 455 2272 dia
475 2213 552 2272 baec
570 2213 648 2272 iuris
665 2214 876 2292 perpetuarii,
893 2231 1028 2291 quorum
1045 2213 1173 2292 vestigia
1189 2214 1220 2272 in
1236 2211 1378 2272 formulis
1393 2229 1466 2271 nos-

406 2322 465 2379 tris
481 2319 586 2380 adbuc
600 2328 764 2399 apparent.

444 2427 614 2489 Contendit
640 2429 734 2507 igitur
754 2431 898 2488 Brunuer
918 2435 1025 2488 contra
1050 2428 1188 2507 thning
1209 2445 1271 2487 non
1294 2446 1363 2487 esse
1384 2426 1467 2487 anti-

405 2554 486 2616 quos
507 2553 599 2615 agros
620 2537 789 2616 uectigales
813 2536 955 2607 urbium,
975 2536 1028 2597 sed
1048 2554 1140 2616 agros
1160 2536 1233 2596 novi
1255 2536 1334 2596 iuris
1353 2554 1465 2615 perpe·

405 2643 516 2717 tuarii,
535 2644 567 2703 in
589 2645 700 2724 quinto
722 2644 827 2705 seculo
846 2642 886 2703 ad
904 2644 1107 2704 imitationem
1127 2642 1295 2729 fundorum
1314 2643 1466 2704 fiscalium

390 2750 581 2833 compositi.

406 2910 408 2915 .
444 2857 531 2917 lianc
549 2857 851 2936 argumentationem
873 2857 905 2917 in
927 2857 1032 2917 multis
1053 2856 1129 2918 loeis
1149 2874 1280 2936 pecuare
1298 2856 1386 2917 laeile
1410 2854 1466 2917 de·

405 2964 661 3024 monstrabimus.

446 3074 476 3130 l⁰
498 3072 609 3132 llultas
630 3090 646 3131 a
665 3073 868 3133 Constantino
886 3073 983 3134 factas
1004 3091 1073 3134 esse
1093 3071 1277 3133 donationes
1294 3091 1333 3132 ex
1352 3072 1467 3133 civita-

406 3187 472 3238 tum
497 3179 630 3239 lortunis
649 3188 782 3240 constat.
801 3181 911 3240 Utrum
930 3188 1035 3240 tamen
1056 3178 1169 3240 lnndos
1190 3182 1275 3260 ipsos
1296 3198 1335 3239 an
1357 3198 1466 3241 eorum

406 3285 569 3365 vectigalia
593 3286 656 3347 sola
680 3285 817 3359 dederit,
836 3288 869 3346 in
890 3285 987 3347 dubio
1007 3287 1144 3367 positum
1166 3294 1233 3361 est;
1251 3286 1342 3346 malti
1365 3287 1465 3362 enim,

437 3651 470 3719 (l)
485 3654 515 3705 G.
532 3651 591 3714 Th,
608 3652 645 3713 X,
661 3652 722 3726 3,)
740 3667 746 3704 :
767 3652 993 3705 «Possessioncs
1011 3652 1148 3718 publicas,
1165 3652 1323 3704 civitatibus
1341 3652 1468 3703 iubemus

407 3744 516 3793 restitui
531 3744 570 3792 ita
583 3748 614 3793 ut
626 3744 707 3793 iustis
723 3744 961 3793 aestimationibus
976 3745 1131 3794 locentur...
1148 3758 1160 3790 r
1176 3741 1250 3805 (367).

439 3833 471 3897 (l)
487 3831 517 3882 C.
535 3831 612 3892 lust,
629 3832 677 3894 XI,
691 3832 730 3894 71,
743 3833 757 3881 3
770 3832 833 3896 (loo)
846 3847 851 3881 :
866 3831 964 3881 «Loca
978 3832 1070 3880 omnia
1084 3831 1198 3880 lundive
1212 3831 1253 3879 rei
1268 3831 1394 3893 publicae
1409 3843 1469 3892 pro-

407 3923 506 3986 positis
521 3922 598 3985 prius
612 3922 728 3971 licenter
742 3922 840 3971 edictis
856 3922 964 3983 dehinc,
976 3922 1024 3969 ubi
1039 3921 1068 3969 in
1080 3934 1142 3970 eum
1156 3921 1269 3969 canonis
1280 3918 1391 3967 modum
1406 3931 1469 3967 con-

408 4011 581 4059 tendentium
596 4014 743 4073 augmenta
754 4010 957 4069 succreverint,
974 4013 1005 4058 ut
1020 4010 1132 4059 extendi
1147 4010 1220 4058 ultra
1234 4012 1281 4057 aut
1294 4008 1419 4071 superari
1434 4007 1470 4055 al·

408 4101 494 4149 terius
510 4099 649 4150 oblatione
664 4113 721 4148 non
736 4100 852 4163 possint,
869 4099 1052 4162 perpetuariis
1068 4099 1283 4147 conductoribus
1304 4099 1438 4147 locentur.
1456 4113 1469 4144 u

439 4189 472 4253 (3)
487 4190 557 4238 Nov.
574 4188 726 4248 Theodos,
745 4188 785 4248 Il,
808 4189 850 4237 tit.
872 4187 978 4247 XXlll,
994 4202 1017 4236 c.
1042 4186 1052 4236 l
1069 4186 1132 4249 (443)
1149 4200 1154 4235 :
1178 4186 1351 4238 «Praedia...
1368 4199 1439 4248 quae
1455 4199 1472 4234 a

409 4280 574 4344 quibusdam
593 4280 717 4342 quolibet
733 4278 816 4329 modo
833 4279 906 4327 intra
925 4278 1037 4341 triginta
1053 4290 1170 4326 annos...
1187 4276 1298 4325 detenta
1312 4278 1390 4337 sunt,
1403 4275 1470 4324 uni·

409 4370 497 4420 versis
508 4369 666 4420 civitatibus
677 4370 881 4432 assignentur...
898 4383 910 4414 a
