3450 5234
823 540 982 601 -58-

375 682 488 766 patet:
519 675 620 747 illino
640 695 750 748 norae
770 677 945 767 quaedam
965 677 1194 750 obtinuerant
1213 673 1301 745 iuris
1330 688 1435 761 regn-

375 799 430 870 lae
450 807 484 872 et
503 801 795 874 consuetudines,

424 924 465 995 Α.
484 926 579 997 Inter
591 945 652 998 eas
666 945 770 998 usum
783 926 910 998 tacitae
921 923 1194 997 reconductr'ouis
1206 922 1434 1015 potissimum

374 1048 540 1119 norimus
558 1049 626 1140 (1).
646 1049 875 1122 Commodius
896 1051 1028 1123 seilicet
1045 1050 1160 1121 risum
1176 1048 1290 1119 fuerat
1307 1045 1436 1116 0010110

375 1171 526 1243 fundum
565 1173 717 1264 relinqui
758 1181 839 1264 post
881 1182 1021 1265 tempus
1062 1169 1308 1245 conductionis
1355 1169 1437 1239 sine

374 1317 466 1371 novo
487 1306 680 1380 contractu,
703 1301 808 1372 tacito
829 1301 983 1391 quodam
1000 1299 1217 1392 possessoris
1233 1313 1434 1373 consensu,

373 1422 424 1493 ita
447 1431 486 1494 ut
505 1422 628 1495 eadem
658 1425 864 1496 colonorum
887 1425 1138 1518 indigenarum
1162 1421 1297 1494 familia
1321 1415 1377 1512 (2)
1396 1417 1436 1487 in

374 1546 497 1618 eodem
520 1546 651 1626 fundo,
676 1555 846 1640 tanquem
867 1549 904 1619 in
929 1556 1075 1640 paterna
1100 1544 1346 1637 possessione,
1372 1559 1439 1632 per

373 1670 548 1761 plurimos
580 1691 696 1745 annos
734 1673 881 1746 assiduo
914 1673 1200 1752 continuaretur,
1237 1666 1436 1742 secundum

372 1803 599 1888 praeceptum
618 1798 835 1870 Columellae
850 1796 905 1890 (5)
926 1800 981 1871 eui
999 1799 1067 1869 hoe
1082 1795 1221 1870 colendi
1237 1812 1350 1886 genus
1366 1809 1439 1863 ser-

373 1919 434 1991 vili
454 1921 592 1992 cultura
608 1921 725 2012 potior
741 1922 941 1995 ridebatur.

423 2044 554 2115 111110
567 2045 672 2117 modo
684 2055 892 2152 perpetuam
904 2046 981 2119 lieri
992 2045 1151 2137 potuisse
1162 2042 1438 2115 conductionem

372 2168 583 2240 Dementius
609 2166 656 2263 (1)
681 2171 885 2262 perspexit,
914 2171 1047 2243 scilicet
1070 2188 1133 2261 per
1150 2164 1305 2260 precarii
1322 2184 1438 2254 rope-

371 2292 501 2362 tiouem
532 2312 624 2385 quae
647 2296 854 2368 conductori
887 2298 1035 2387 eiusque
1066 2294 1261 2367 heredibus
1289 2309 1363 2362 non
1396 2306 1442 2359 ex

373 2423 556 2490 contractu
583 2417 646 2490 sed
674 2419 789 2489 solnm
818 2438 860 2491 01
886 2438 1063 2491 consensu
1090 2415 1310 2509 possessoris
1336 2429 1438 2503 spem

375 2540 557 2631 quandam
578 2543 825 2634 perpetuitatis
842 2544 995 2616 offerret.
1019 2544 1164 2630 Quoties
1188 2542 1276 2613 haec
1299 2539 1437 2616 forma,

374 2664 519 2755 utrique
533 2666 624 2756 parti
642 2665 827 2737 commoda
843 2665 1084 2749 adhiberetur,
1105 2668 1307 2737 monstrant
1320 2657 1440 2750 quinti

375 2795 410 2859 et
430 2788 547 2877 quarti
566 2790 696 2872 seeuli,
720 2790 791 2861 imo
811 2791 934 2862 etiam
955 2791 1047 2862 tertii
1072 2788 1140 2883 (11),
1163 2785 1440 2860 constitutiones

407 3058 440 3121 (1)
453 3059 534 3106 Hune
547 3073 628 3108 usum
644 3061 747 3122 optime
762 3061 960 3110 demonstravit
975 3062 1176 3122 illustravitque
1193 3059 1289 3108 Fustel
1307 3056 1341 3104 de
1364 3053 1441 3104 Cou-

375 3148 472 3210 langes
493 3145 607 3209 (Etudes
625 3161 676 3196 sur
696 3152 830 3208 quelques
847 3153 945 3209 points
964 3151 1127 3208 1111101011ος
1141 3153 1177 3196 Le
1195 3144 1329 3208 colonat).
1349 3169 1381 3178 -
1397 3140 1441 3191 cf.

374 3234 406 3287 0.
423 3220 565 3294 rust.,1v,
582 3235 620 3297 es,
638 3235 675 3286 10.
691 3236 763 3299 urg,
780 3237 851 3297 xrx,
867 3238 890 3297 1,
908 3237 944 3286 14.

407 3323 440 3386 (1)
454 3323 624 3374 Colonorum
635 3325 716 3373 istius
729 3327 837 3387 generis
852 3326 947 3374 titulos
960 3327 1066 3387 aliquos
1079 3324 1189 3386 collegit
1202 3322 1355 3371 Mommsen
1366 3318 1443 3381 (Her-

375 3417 447 3472 mes,
465 3412 533 3470 1880,
552 3427 579 3475 p.
595 3413 713 3474 385-111).
727 3418 754 3465 G.
766 3419 786 3465 l.
799 3418 836 3475 t,
849 3414 896 3473 IX,
908 3413 980 3472 3674,
993 3414 1025 3474 X,
1039 3413 1110 3471 191&
1123 3412 1155 3470 X,
1170 3410 1247 3473 1877).
1260 3409 1357 3468 010111,
1370 3405 1442 3455 left.

406 3499 441 3563 (3)
456 3499 497 3548 De
513 3513 542 3547 re
558 3500 671 3559 rustica,
687 3500 740 3560 Ill,
757 3502 772 3550 7
787 3515 792 3548 :
811 3517 822 3546 1
838 3501 899 3563 lpse
915 3505 1009 3548 nostra
1023 3500 1154 3548 memoria
1170 3502 1293 3549 veterem
1310 3494 1443 3544 consula-

375 3602 464 3640 rem...
482 3588 575 3637 audivi
590 3592 696 3652 patrem
711 3590 827 3638 familias
840 3590 1028 3638 felicissimum
1037 3602 1097 3637 esse
1112 3588 1159 3650 qui
1168 3588 1283 3636 colonos
1293 3583 1444 3646 indigenas

374 3679 491 3726 haberet
504 3681 530 3726 et
545 3681 674 3739 tanquam
689 3679 718 3725 in
731 3683 845 3742 paterna
857 3679 1033 3742 possessione
1045 3681 1125 3726 natos
1140 3677 1194 3724 iam
1205 3673 1271 3724 inde
1286 3689 1303 3722 a
1316 3674 1444 3721 cunabu-

374 3766 409 3814 lis
425 3767 509 3828 longa
524 3766 707 3814 familiaritate
723 3767 883 3815 retineret...
900 3767 941 3815 lta
955 3770 1028 3815 certe
1043 3778 1103 3813 mea
1119 3767 1172 3813 fert
1189 3764 1284 3826 opinio
1303 3775 1363 3810 rem
1382 3775 1444 3808 ma-

375 3855 431 3903 lam
447 3867 508 3902 esse
527 3855 699 3915 frequentem
718 3856 885 3903 locationem
900 3855 1006 3905 fundi...
1023 3852 1224 3916 propterquod
1240 3865 1354 3915 operam
1373 3850 1444 3898 dan-

376 3943 440 3991 dam
456 3955 516 3992 esse
534 3945 565 3989 ut
579 3943 699 3992 rusticos
713 3945 740 3990 et
756 3943 867 3992 eosdem
880 3943 1007 3992 assiduos
1022 3943 1135 3990 colonos
1148 3942 1328 3990 retineamus,
1346 3954 1359 3984 1

408 4029 442 4092 (4)
457 4029 610 4077 llemante:
635 4035 687 4078 Des
704 4032 848 4090 preeaires
872 4033 1093 4090 ecelesiastiques
1117 4033 1189 4078 dans
1206 4032 1283 4076 leurs
1308 4029 1446 4086 rapports

378 4134 445 4168 0000
465 4122 504 4167 les
519 4133 632 4167 sources
648 4122 687 4166 clu
708 4121 783 4166 droit
804 4123 916 4168 romain
931 4118 1030 4180 (Revue
1043 4121 1197 4178 historique
1216 4121 1256 4166 du
1270 4119 1445 4174 1110111100-

378 4211 438 4272 0010
453 4213 479 4256 01
499 4209 639 4268 1111011001,
656 4206 703 4265 VI,
722 4206 789 4268 1860,
805 4221 830 4268 p.
852 4206 889 4254 51.

409 4296 443 4360 (5)
458 4295 488 4345 C.
506 4295 583 4354 lust,
601 4295 667 4356 Vll,
684 4295 726 4354 39,
746 4293 761 4342 2
781 4293 860 4357 (356);
877 4294 942 4353 vn,
960 4293 1002 4355 30,
1020 4294 1029 4341 1
1048 4292 1111 4356 (tte)
1126 4307 1132 4341 :
1147 4309 1159 4349 1
1177 4291 1232 4353 Qui
1248 4305 1283 4340 ex
1298 4291 1444 4340 conducto
