3450 5234
725 569 884 628 ,45-

321 708 516 780 Stationem
530 707 629 778 iliam
651 706 855 796 patrimonii
876 705 1079 795 sumptibus
1099 706 1201 776 aulae
1221 691 1335 795 impcss

270 833 422 904 natoriae
441 851 569 923 magna
589 851 636 918 er,
651 839 749 922 parte
766 831 977 922 providisse,
999 830 1244 919 aedificiisque
1265 849 1329 920 pu-

271 956 388 1041 blicis,
400 957 527 1036 bortis,
542 957 697 1047 palatiis,
715 955 867 1032 horreis,
885 954 998 1030 cedis,
1016 954 1163 1023 vinariis
1178 954 1335 1043 aliisque

272 1082 349 1152 eius
370 1079 466 1153 modi
488 1081 655 1171 operibus
679 1080 873 1170 praefuisse
892 1087 1039 1169 apparet
1062 1077 1128 1170 (t);
1152 1078 1198 1175 ad
1224 1096 1331 1167 quam

272 1205 378 1276 etiam
406 1205 622 1295 pertinuisse
650 1204 995 1276 crediderimmuita
1018 1202 1162 1293 praedia
1187 1202 1334 1273 domus·

273 1347 341 1418 que
364 1331 496 1400 Romae
526 1328 678 1408 vicinas,
710 1327 769 1398 ubi
798 1325 956 1395 stationis
975 1324 1136 1394 orbonae
1162 1325 1334 1396 memoria

273 1459 434 1525 seruatur
454 1449 515 1547 (1).

321 1580 375 1650 du
394 1598 475 1651 vero
494 1579 663 1652 omnibus
683 1580 762 1651 aliis
783 1579 904 1651 ltaliae
921 1578 1077 1669 praediis
1097 1576 1333 1648 stationibus·

222 1783 228 1792 ,
274 1724 341 1794 que
361 1705 464 1795 quasi
486 1712 590 1795 caput
610 1705 819 1795 praetuerit,
843 1705 880 1775 in
909 1703 1019 1774 dubio
1046 1710 1100 1774 cst
1127 1701 1335 1791 relinquen-

273 1828 371 1899 dum.
402 1830 498 1911 imo,
527 1837 649 1900 contra
676 1828 952 1900 Hirscbieidium
978 1825 1188 1898 crediderim
1213 1824 1334 1915 potius

274 1955 445 2026 stationes
460 1954 573 2025 varias
587 1953 698 2025 ltaiioi
713 1953 918 2043 patrimonii
934 1951 1019 2023 fisco
1031 1950 1207 2041 paruisse,
1223 1967 1334 2038 quum

274 2079 332 2149 iiie
352 2087 558 2168 procurator
576 2079 782 2168 patrimonii
803 2079 932 2148 Romoe
952 2077 1090 2166 positus
1109 2075 1145 2144 iu
1165 2073 1334 2146 mediocri

275 2205 349 2275 loco
377 2223 517 2294 semper
546 2211 752 2294 permaneat
779 2213 814 2274 et
842 2204 945 2275 tertio
975 2202 1093 2273 seculo
1121 2200 1227 2272 statio
1258 2201 1335 2290 ipsa

274 2331 432 2400 Romana
452 2329 598 2401 dissoivi
621 2339 753 2401 etcum
775 2329 860 2399 iisco
882 2327 1052 2399 confundi
1076 2327 1250 2399 videatur.

322 2456 513 2528 Obscurior
528 2464 581 2527 est
596 2455 815 2526 diversorum
830 2454 1025 2524 stationum
1035 2451 1210 2531 conditio;
1229 2451 1334 2521 viiiae

274 2588 391 2651 tamen
410 2581 539 2669 cuique
559 2577 702 2650 eosdem
719 2564 790 2648 iere
807 2577 918 2648 iuisse
934 2576 1118 2683 ministros
1139 2594 1246 2664 quam
1263 2581 1334 2645 sta-

275 2705 363 2775 tioni
384 2705 542 2774 urbanae
562 2703 799 2792 comperimus
822 2727 830 2771 :
853 2700 1067 2778 tabularios,
1091 2717 1239 2788 nempe,
1262 2699 1336 2770 dis-

275 2836 495 2919 pensatores.

323 2955 413 3025 Suos
437 2953 570 3025 habeut
590 2953 733 3043 praedia
753 2961 787 3024 et
814 2953 925 3023 scitus
947 2958 1212 3040 procuratores,
1235 2955 1269 3020 et
1291 2948 1337 3018 ad

276 3077 528 3166 patrimonium
558 3078 734 3166 pertinere
760 3075 926 3147 videntur
953 3076 1170 3163 quicumque
1195 3079 1334 3143 tautum

270 3205 520 3291 procuratores
538 3197 693 3288 doposti
719 3206 887 3268 vocantur
910 3222 917 3266 :
943 3197 1044 3267 multi
1066 3194 1204 3275 liberti,
1228 3194 1336 3284 pieri-

276 3343 344 3416 que
376 3324 590 3403 centenarii,
626 3323 817 3402 suillinis,
855 3321 1097 3401 exactoribus,
1133 3319 1333 3390 actoribus-

275 3467 343 3539 que
363 3449 494 3528 adiuti,
516 3456 591 3519 tum
621 3448 731 3519 iuudo
762 3447 890 3530 unico,
913 3453 950 3517 ut
976 3447 1082 3516 sattui
1108 3445 1332 3526 Domitiano,

275 3571 429 3662 praediis
449 3571 655 3652 duodenis,
679 3549 753 3641 tum
775 3569 939 3658 pluribus
959 3569 1147 3639 territoriis
1167 3568 1205 3637 iu
1226 3585 1333 3638 unam

276 3892 364 3940 vimus
379 3894 529 3952 collectum
550 3896 673 3940 salutare
694 3892 856 3940 libertorum
876 3891 924 3952 qui
942 3890 1063 3952 praediis
1084 3888 1213 3937 Galbauis
1232 3886 1334 3936 addicti

276 3985 352 4028 erant
367 3996 379 4026 o
393 3980 509 4042 (Bollett.
526 3984 588 4029 dett'
603 3984 683 4041 istit,
703 3981 770 4038 1885,
786 3995 848 4028 cum
864 3979 998 4028 Henzenii
1011 3979 1226 4038 commentario).

305 4068 337 4130 (1)
350 4067 391 4118 Of.
405 4068 547 4127 Lanctanr,
563 4072 675 4131 Siltoqc,
692 4078 729 4117 n⁰⁵
745 4069 781 4127 18,
800 4069 839 4128 49,
854 4069 892 4127 60,
911 4067 963 4129 itt,
981 4067 1033 4127 147,
1051 4067 1103 4125 183,
1120 4065 1163 4115 184
1180 4085 1210 4108 =
1221 4071 1246 4114 C.
1259 4072 1280 4113 1.
1292 4070 1331 4124 L.‚

276 4157 321 4216 VI,
336 4157 359 4216 ⁸2,
376 4157 437 4208 8504
453 4171 458 4206 :
476 4174 488 4203 o
504 4158 534 4207 T.
551 4157 664 4220 Fliavio)
681 4158 846 4220 Paederotd)
862 4157 1038 4220 superposito
1054 4155 1222 4204 medicorum
1238 4168 1272 4202 ex
1287 4169 1332 4202 ra-

276 4247 350 4294 tione
365 4248 521 4308 patrimoni.
539 4263 552 4293 b

306 4335 337 4398 (2)
352 4335 495 4394 Lamiani,
511 4337 528 4384 l.
546 4351 579 4395 o.‚
595 4347 624 4384 n⁰
639 4335 804 4402 14144393.
