3450 5234
855 573 1012 634 -52...

404 729 556 801 cumque
593 711 701 783 modo
734 712 915 803 assignata
953 718 1064 794 esset,
1099 708 1186 779 libro
1216 707 1464 798 derceficiorum

404 836 523 908 statim
543 834 805 908 inscribebatur
828 834 894 931 (l).

452 963 527 1032 lluo
555 968 673 1033 autem
700 961 909 1052 praecipuos
932 960 1071 1033 colendi
1097 961 1222 1032 modos
1246 961 1458 1053 reperimus.

452 1086 479 1157 l.
503 1086 684 1157 Culturam
708 1103 814 1176 quam
843 1086 1037 1158 vocaverim
1066 1085 1303 1168 dominicam,
1327 1104 1388 1176 per
1407 1084 1459 1156 la-

404 1209 525 1282 miliae
545 1210 697 1282 rusticae
717 1228 859 1292 servos,
881 1229 987 1300 quam
1009 1209 1104 1301 apud
1129 1217 1264 1282 veteres
1284 1211 1461 1280 Romanos

403 1335 545 1426 saepius
560 1353 639 1407 esse
658 1335 854 1407 adhibitam
872 1343 1023 1407 constat.
1040 1337 1117 1408 Non
1133 1335 1283 1407 dubium
1301 1342 1355 1406 est
1370 1335 1460 1425 quin

402 1461 507 1532 ctiam
532 1461 569 1531 in
593 1460 749 1553 praediis
776 1461 1001 1553 imperatoris
1028 1463 1143 1533 locum
1168 1461 1355 1532 invenerit.
1377 1461 1460 1532 Erat

402 1587 498 1658 enim
518 1587 555 1658 in
576 1587 697 1659 lundis
717 1587 888 1659 Galbanis
911 1586 958 1681 (il
975 1585 1073 1680 plebs
1091 1605 1273 1660 servorum
1292 1604 1371 1657 cum
1391 1583 1458 1653 oil-

401 1710 474 1782 tr'cts
499 1720 533 1783 et
560 1713 703 1804 saepius
727 1713 949 1805 praepositos
976 1712 1087 1784 tuisse
1113 1711 1224 1784 serris
1248 1710 1382 1782 villicos
1406 1711 1460 1782 rel

403 1838 594 1910 saltuarios
612 1839 666 1910 vel
686 1845 821 1909 actores
839 1837 1013 1909 videmus.

453 1961 817 2034 Animadvertendum
853 1969 971 2034 tamen
1007 1961 1074 2033 boo
1109 1960 1248 2033 colendi
1282 1979 1393 2051 genus
1421 1962 1460 2031 in

405 2088 498 2159 diem
521 2085 633 2177 magis
653 2086 875 2169 decrescere,
903 2106 1013 2177 quum
1032 2095 1071 2157 ut
1090 2087 1254 2178 privatis,
1276 2087 1376 2158 itaet
1394 2089 1460 2158 im·

401 2210 622 2302 potatoribus
641 2211 768 2284 melius
786 2212 903 2283 uisum
923 2212 1028 2283 luerit
1042 2231 1168 2303 parvas
1183 2213 1256 2303 agri
1275 2212 1459 2302 portiones

402 2338 455 2408 vel
475 2342 676 2426 separatum
697 2338 848 2427 agellum
873 2356 972 2409 servo
994 2338 1181 2409 fruendum
1203 2337 1394 2410 concedere
1409 2336 1460 2408 la·

399 2460 589 2551 miliaeque
619 2459 773 2533 serviet
806 2462 999 2533 heredibus
1033 2463 1136 2552 quasi
1171 2462 1352 2552 proprium
1389 2461 1458 2534 sub

402 2593 495 2657 certa
515 2585 688 2675 pensione
705 2587 908 2676 relinquere
933 2587 1078 2659 itaute
1080 2594 1199 2659 tsuos
1228 2586 1400 2677 praedia
1392 2606 1458 2657 rm-

401 2711 576 2800 peratorla
601 2716 731 2780 casatos
757 2729 877 2784 servos
905 2713 1090 2784 baberent.
1117 2713 1238 2803 Neque
1267 2712 1455 2784 oblivisca-

400 2854 480 2906 mur
506 2834 637 2906 multos
664 2834 775 2907 luisse
801 2855 922 2908 servos
948 2837 1104 2929 praediis
1130 2835 1290 2908 addictos
1316 2836 1376 2927 qui
1398 2835 1455 2906 in-

401 2967 598 3032 strumento
614 2958 715 3031 tundi
734 2961 1002 3032 continerentur
1018 2960 1367 3050 conductoribusque
1386 2979 1459 3031 una

400 3103 480 3157 cum
500 3085 602 3176 gleba
621 3086 960 3158 transmitterentur.

449 3211 492 3282 ll.
509 3210 613 3281 Varia
624 3208 871 3282 conductionis
889 3230 1019 3303 genera
1033 3219 1117 3283 suut
1134 3230 1225 3302 quae
1245 3210 1341 3281 haud
1357 3210 1459 3283 lacile

399 3333 611 3426 distinguas.
633 3334 854 3426 Hicoportet
877 3335 981 3408 ulad
1004 3336 1099 3407 bona
1120 3336 1299 3408 civitatum
1319 3342 1354 3407 et
1374 3342 1459 3439 tem·

398 3460 539 3570 plorum
564 3477 800 3531 recurramus
830 3460 878 3532 lis
903 3461 1035 3533 scilicet
1022 3462 1155 3551 tquod
1179 3467 1321 3532 vocatur
1340 3459 1395 3529 ios
1418 3459 1457 3529 in

397 3606 488 3676 apro
512 3581 676 3675 ceclipall
699 3582 901 3656 adhibitum
920 3602 999 3656 esse
1026 3592 1162 3656 constat
1186 3586 1248 3656 el
1239 3603 1276 3655 m
1297 3584 1457 3676 Digesto-

398 3728 476 3780 rum
496 3708 703 3800 fragmentis
722 3709 796 3801 agri
823 3710 1008 3801 vectigales
1031 3711 1241 3800 plerumque
1259 3708 1304 3780 ad
1325 3710 1456 3801 templa

396 3836 627 3925 civitatesque
642 3836 821 3925 pertinent
835 3832 903 3931 (5).
919 3837 988 3908 Eae
1006 3843 1123 3908 autem
1144 3835 1353 3927 praecipuae
1372 3843 1457 3908 suut

427 4089 460 4154 (i)
472 4090 690 4153 AgrimensoreS‚
707 4106 733 4153 p.
751 4090 805 4151 202,
823 4091 855 4151 5;
872 4090 926 4154 202,
945 4091 988 4152 16;
1003 4090 1058 4151 295,
1076 4091 1104 4140 lt
1114 4105 1121 4152 ;
1135 4091 1189 4154 400,
1207 4091 1244 4140 lt.

428 4178 460 4239 (ll
475 4177 546 4227 Vide
563 4191 655 4240 supra.

427 4267 459 4331 (3)
475 4267 547 4329 Dig„
565 4267 611 4326 VI,
625 4269 648 4328 3,
663 4267 672 4316 l
687 4268 784 4332 (Paul.)
798 4283 803 4317 :
819 4269 913 4331 «Agri
928 4269 1082 4318 civitatium
1094 4270 1139 4317 alii
1150 4269 1297 4332 vectigales
1308 4273 1452 4328 vocantur,

397 4358 442 4405 alii
457 4371 522 4406 non.
540 4357 695 4420 Vectigales
711 4363 845 4407 vocantur
859 4358 907 4420 qui
924 4359 954 4405 in
972 4363 1135 4421 perpetuum
1150 4359 1289 4417 locantur,
1304 4358 1387 4407 idest
1401 4358 1451 4406 hac
