3450 5234
856 558 1017 619 -66-

401 698 1206 789 Carthaginiensinmtemporecrgaindlgenas
1218 698 1464 770 Africanorum

384 825 557 895 saltuum
575 822 756 894 exstitisse
776 822 1029 912 comperimus.

448 952 488 1021 ln
499 949 601 1040 peius
618 948 725 1019 etiarn
745 954 905 1019 evaserat
914 948 1120 1020 colonorum
1134 947 1271 1021 Africae
1287 948 1460 1032 conditio,

347 1099 351 1110 ·
400 1075 496 1166 quod
530 1075 742 1166 plerumque
773 1080 872 1144 extra
904 1051 994 1144 fines
1032 1073 1212 1145 civitatum
1251 1075 1359 1166 positi
1390 1093 1464 1146 non

400 1199 602 1271 ordinariae
631 1198 902 1289 magistratuum
931 1198 1201 1288 municipalium
1227 1200 1281 1272 rel
1307 1201 1460 1292 impera·

399 1327 570 1397 tortorum
590 1323 814 1403 auctoritati,
837 1321 901 1394 sed
920 1321 987 1393 soll
1007 1330 1276 1413 procuratorum
1298 1325 1464 1416 potestati

399 1453 707 1524 submitterentur.
749 1449 911 1521 Vidimus
948 1467 1040 1539 quae
1075 1449 1336 1522 controversiae
1369 1449 1465 1523 inter

399 1578 619 1669 respublicas
648 1583 682 1649 et
702 1575 828 1648 fiscum
853 1575 909 1674 de
926 1576 1004 1646 iure
1028 1574 1197 1648 territorii
1221 1584 1460 1649 moverentur.

399 1707 471 1777 Sua
490 1713 544 1777 est
564 1703 685 1775 multis
706 1702 857 1774 saltibus
882 1701 998 1792 imago
1021 1703 1165 1793 propria
1191 1704 1242 1775 rel
1275 1703 1461 1798 publicae,

399 1831 545 1922 collegia
584 1848 683 1901 sacra
715 1846 794 1899 oum
835 1826 1014 1918 magistris
1049 1826 1365 1920 sacerdotibusque
1400 1829 1463 1920 qui

400 1956 668 2046 magistratuum
697 1952 969 2042 municipalium
994 1951 1142 2024 forsitan
1172 1953 1288 2025 locum
1316 1961 1460 2040 tenent;

399 2100 515 2171 neque
532 2080 730 2169 municipes
751 2096 868 2169 neque
883 2077 1011 2168 pagani
1032 2078 1170 2149 incolae
1187 2085 1376 2161 vocantur,
1399 2079 1463 2152 sed

398 2209 514 2279 solum
536 2205 651 2278 coloni
667 2204 829 2276 Caesaris
845 2202 911 2296 (l).
929 2204 1052 2293 ltaque
1070 2203 1108 2273 in
1126 2205 1220 2276 saltu
1240 2205 1463 2276 Burunitano

397 2350 515 2424 neque
550 2331 596 2402 ad
629 2333 856 2421 magistratus
895 2328 1030 2400 vicinae
1064 2329 1235 2411 civitatis,
1273 2329 1463 2420 nequead

396 2456 597 2548 praesidem
627 2455 789 2544 querelas
819 2453 997 2544 dirigunt,
1028 2454 1090 2526 sed
1117 2454 1163 2524 ad
1183 2460 1460 2545 procuratorem

396 2604 420 2651 c
451 2579 650 2651 rationibus
679 2581 870 2669 ipsumque
903 2579 1167 2668 imperatorem.
1203 2579 1390 2662 Ceterum,
1420 2580 1459 2651 in

398 2715 573 2799 quantum
592 2705 760 2776 crevisset
779 2702 978 2774 iurisdictio
998 2702 1174 2774 fiscalium
1190 2713 1460 2794 procuratorum

397 2854 418 2904 a
437 2840 596 2923 tempore
616 2829 754 2901 Claudii
770 2829 1008 2918 comperimus
1024 2825 1092 2920 (2),
1105 2829 1314 2919 praesertim
1332 2831 1370 2900 in
1389 2832 1461 2902 sal-

396 2959 494 3030 tibus
510 2958 582 3028 illis
599 2974 709 3047 quae,
733 2963 772 3026 ut
788 2963 911 3045 pacata
930 2961 1037 3044 atque
1056 2954 1177 3044 quieta
1196 2963 1338 3036 essent,
1361 2957 1460 3028 solos

398 3090 643 3174 procuratores
681 3080 954 3172 gubernavisse‚
996 3079 1188 3151 Callistratl
1222 3079 1459 3171 fragmentum

285 3193 287 3200 ’
397 3206 618 3280 demonstrat
641 3203 709 3299 (5);
733 3206 864 3275 Paulus
884 3205 989 3275 etiam
1011 3211 1131 3275 monet
1151 3212 1185 3275 et
1199 3205 1237 3275 iu
1257 3204 1378 3277 lundis
1398 3204 1460 3278 ds·

397 3331 534 3403 calibus
562 3331 726 3421 lugitivos
752 3330 875 3420 quaeri
906 3336 940 3399 et
968 3328 1221 3418 comprehendi
1249 3347 1355 3419 posse
1386 3326 1458 3423 (l),

397 3475 468 3546 quo
484 3456 654 3547 probatur
664 3455 794 3526 lundos
810 3455 892 3524 illos
907 3460 1006 3525 extra
1021 3452 1179 3524 iudicum
1193 3452 1458 3526 ordinariorum

396 3587 606 3671 potestatem
627 3597 732 3671 saepe
751 3580 908 3650 stetisse.

445 3707 521 3777 Non
543 3713 661 3777 tamen
677 3704 877 3795 putandum
893 3711 948 3775 est
961 3702 1107 3793 praedia
1123 3704 1210 3774 baec
1224 3702 1346 3774 omnia
1360 3710 1460 3776 extra

395 3830 553 3903 civitates
575 3833 678 3921 pcni;
701 3831 814 3902 multa
828 3830 924 3902 enim
946 3827 1152 3918 municipiis
1168 3827 1328 3901 subiecta
1346 3828 1460 3900 luisse

425 4050 460 4114 (1)
475 4055 501 4103 c.
516 4057 538 4102 l.
551 4055 591 4110 L„
608 4049 683 4118 vrrI,
699 4049 754 4110 588,
770 4050 840 4112 8425,
856 4049 927 4108 8701,
939 4049 1009 4108 srrt,
1025 4047 1100 4107 8702,
1114 4047 1184 4111 ulto,
1201 4047 1271 4100 8812.

425 4139 459 4205 (2)
474 4141 545 4190 Vide
561 4139 819 4189 commentationem
834 4143 957 4187 nostram
973 4137 1021 4200 (La
1030 4138 1204 4197 juridiction
1219 4135 1331 4198 fiscale).

426 4230 459 4294 (3)
474 4231 546 4294 Dig.‚
564 4230 584 4290 I,
603 4230 640 4289 19,
657 4230 679 4280 3.

426 4320 458 4384 (t)
475 4321 563 4380 Paul,
579 4323 666 4379 Serti„
683 4319 704 4378 1,
718 4319 741 4379 6,
758 4320 780 4368 5.
