3450 5234
764 578 925 638 „11-

316 728 350 791 et
368 715 554 809 vectigalia
568 715 695 808 pepuli
712 713 870 785 Romani
887 713 1081 804 gallicana,
1105 733 1147 786 ex
1167 715 1282 785 titulis
1302 711 1375 805 epi·

316 842 493 935 graphicis
514 849 598 913 neta
621 838 685 934 (l).
703 842 858 932 Apparet
878 841 914 910 in
936 839 1058 910 multis
1079 838 1206 928 tegulis
1225 837 1377 908 iermula

322 988 399 1035 «em
414 963 575 1058 praediis
587 963 711 1057 populi
727 962 882 1034 Romani
898 991 913 1026 ›
929 963 1026 1034 unde
1038 962 1187 1033 forsitan
1203 961 1377 1033 coniicere

316 1091 432 1181 possis
450 1090 515 1160 bes
536 1089 665 1161 fundes
687 1090 723 1159 in
745 1089 845 1160 ltalia
866 1090 986 1179 plures
1007 1088 1120 1159 luisse
1140 1106 1246 1177 quam
1266 1084 1377 1157 credi·

318 1214 426 1287 deris.
732 1205 733 1210 ‘

366 1345 403 1413 ln
425 1341 616 1433 provinciis
636 1349 754 1414 autem
771 1341 945 1412 babemus
964 1340 1036 1431 agri
1055 1338 1189 1430 publici
1207 1337 1377 1426 reliquias

319 1469 354 1538 in
371 1468 556 1558 Hispania,
575 1466 613 1537 in
629 1466 833 1557 Cyrenaica,
849 1467 887 1536 in
904 1464 1046 1544 ludaea,
1065 1465 1102 1534 in
1117 1462 1291 1534 Dalmatia
1307 1459 1375 1553 (1).

367 1594 462 1664 luter
488 1610 589 1683 agros
617 1591 756 1663 liscales
783 1591 957 1663 babemus
979 1588 1109 1661 fundes
1137 1587 1311 1679 quosdam
1339 1588 1375 1657 in

319 1716 462 1789 Sabinis
483 1735 524 1788 er
544 1717 647 1788 titulo
673 1717 885 1807 Saepinensi
910 1723 1036 1809 netes,
1058 1715 1121 1786 ubi
1148 1714 1192 1786 de
1213 1713 1378 1806 gregibus

319 1841 500 1914 fiscalibus
523 1843 638 1932 agitur
665 1837 737 1934 (5),
762 1848 796 1913 et
820 1841 1046 1932 potissimum
1072 1859 1193 1932 agrurn
1220 1839 1376 1910 fiscalem

318 1967 453 2058 AEgypti
481 1965 526 2037 de
545 1985 615 2056 qtre
643 1966 736 2040 inira
760 1967 1005 2039 tractabimus.
1029 1968 1112 2038 Tam
1132 1966 1300 2055 frequens
1326 1971 1381 2037 est

319 2091 544 2182 praediorum
560 2090 735 2163 fiscalium
753 2093 886 2163 mentio
906 2093 942 2161 in
965 2092 1130 2182 Digestis,
1153 2099 1223 2162 tam
1246 2090 1379 2161 multae

320 2214 363 2286 de
389 2234 510 2286 eorum
535 2216 845 2287 administratione
869 2218 1010 2306 regulae
1034 2225 1071 2287 ut
1093 2214 1179 2286 fisce
1207 2215 1278 2285 iam
1304 2233 1380 2305 par·

320 2347 389 2412 tem
417 2339 513 2410 baud
541 2339 703 2431 exiguam
736 2341 801 2411 seli
838 2340 1065 2430 provincialis
1095 2336 1248 2412 cessisse
1278 2338 1380 2410 laeile

320 2463 501 2536 coniicias.

368 2592 474 2662 Plura
507 2593 601 2663 enim
639 2593 858 2664 incrementa
897 2593 1017 2664 lundis
1054 2592 1238 2664 fiscalibus
1273 2611 1379 2681 quam

321 2717 406 2788 lucis
431 2716 584 2807 publicis
603 2724 791 2808 suppetere
818 2717 920 2789 lacile
944 2724 1096 2790 cunstat.
1122 2717 1314 2789 Videamus
1338 2735 1382 2788 ex

321 2841 453 2930 quibus
471 2841 629 2913 lentibus
652 2843 793 2932 utrique
813 2844 932 2932 augeri
955 2844 1105 2913 sulcant.

371 2967 384 3035 l
410 2964 512 3034 Boua
539 2966 704 3036 vacantia
729 2972 764 3036 el
782 2967 935 3047 caduca,
962 2987 1053 3057 quae
1079 2987 1184 3040 nemo
1209 2967 1322 3039 nescit
1344 2967 1381 3037 in

323 3097 492 3181 quantam
519 3091 669 3173 molem,
691 3101 773 3181 pust
797 3093 891 3183 leges
919 3093 1044 3192 lutiam
1070 3100 1105 3164 et
1126 3093 1271 3184 Papiam
1295 3094 1383 3182 Pup·

321 3233 443 3305 paeam
458 3214 501 3285 de
515 3214 670 3294 caducis,
689 3217 915 3299 accreverint,
936 3218 1051 3288 rarius
1068 3216 1383 3289 lundisiiscalibus
1424 3303 1427 3311 Ι

323 3339 596 3420 adiiciebautur,
615 3341 749 3430 quippe
769 3359 874 3430 quae,
892 3341 949 3410 111
967 3340 1169 3413 adiudicata
1188 3339 1292 3422 fisco,
1310 3341 1382 3431 ple-

325 3464 725 3553 rumquerendereutur
741 3466 826 3538 etin
847 3467 1033 3556 pecuniam
1052 3465 1294 3556 redigerentur
1317 3463 1380 3559 (l).

354 3736 386 3800 (1)
402 3741 428 3786 G.
445 3743 466 3786 1.
483 3740 523 3795 L.,
541 3738 596 3794 Ill,
612 3737 677 3787 ale:
696 3754 707 3782 u
725 3738 755 3789 L.
772 3737 871 3787 Didius
887 3738 1009 3787 Marinus
1025 3755 1050 3787 v.
1071 3753 1115 3788 e...
1132 3753 1207 3802 proc.
1223 3739 1384 3800 uectigalio-

325 3825 403 3889 r(um)
428 3827 541 3889 populli)
563 3827 697 3890 R(0manl)
718 3841 788 3890 quae
813 3832 878 3876 sunt
905 3829 974 3876 citra
997 3829 1110 3877 Padum.
1132 3830 1282 3883 -vt'itm,
1302 3829 1357 3877 lael
1377 3852 1382 3885 ς

327 3929 337 3958 u
355 3912 386 3972 Q.
403 3912 570 3962 Cosconio...
594 3928 668 3976 proc.
687 3915 774 3977 Augg.
800 3915 833 3962 ad
853 3915 1018 3977 vecllglalia)
1036 3916 1149 3978 plopuli)
1169 3916 1303 3978 R(0mani)
1320 3916 1383 3964 Gul-

325 4001 438 4064 li(cana).
454 4002 576 4060 —Quae
591 3981 805 4064 Hirschsleldius
821 4004 916 4051 eudem
932 4018 992 4052 esse
1004 4019 1035 4052 ac
1050 4005 1193 4066 antiquum
1210 4019 1303 4067 agrum
1319 4005 1383 4053 Gal-

246 4114 255 4142 1
327 4091 407 4140 licum
422 4095 508 4154 putat.
524 4107 535 4138 11

357 4178 389 4241 (i)
405 4179 486 4240 Ptin,
502 4185 535 4228 H.
552 4186 595 4239 N,
613 4181 673 4240 XII,
690 4183 712 4242 3,
731 4182 792 4242 123;
809 4183 882 4240 ΧΙΧ,
898 4184 925 4243 3,
944 4184 981 4234 39.

358 4268 430 4332 (310.
446 4275 466 4319 l.
483 4275 522 4329 1.,
538 4270 584 4330 ΙΧ,
600 4269 671 4321 elac.

359 4357 391 4420 (t)
407 4358 466 4410 Hoc
490 4362 621 4420 probatur
641 4361 669 4411 in
689 4361 769 4410 titulo
790 4365 823 4410 cle
845 4365 907 4412 iure
924 4364 993 4422 fisci.
1010 4362 1050 4413 et.
1070 4362 1165 4419 Tacit,
1182 4367 1267 4417 ‚lnu.,
1284 4362 1330 4421 vt,
1347 4361 1380 4410 7:
