3450 5234
836 589 995 650 -20..

385 724 483 798 Sexti
507 724 606 798 Marii
635 732 670 798 et
694 725 814 798 Seiani
840 723 1023 822 bonati),
1045 746 1252 818 quanquam
1279 735 1314 801 et
1339 746 1445 800 suum

385 849 503 921 adbuc
524 851 660 922 aerario
679 851 736 922 ius
759 859 939 934 servatur,
957 853 1083 924 saltem
1103 870 1218 943 usque
1237 852 1284 925 ad
1303 853 1445 924 'traiani

385 983 525 1067 tempus
559 973 622 1068 (1).
653 976 832 1048 Laudatur
862 997 883 1048 a
908 978 1096 1068 Spartiano
1118 977 1321 1050 Hadrianus
1349 979 1446 1070 quud

385 1101 634 1173 damnatorum
669 1101 765 1172 bona
793 1120 867 1173 non
894 1102 931 1172 in
959 1100 1085 1175 fiscum
1111 1103 1286 1194 privatum
1319 1103 1382 1177 sed
1408 1104 1456 1175 in-

385 1227 561 1298 aerarium
581 1227 770 1300 contulerit
792 1223 857 1321 (5).

434 1351 508 1423 Sub
527 1351 665 1424 Nerone
684 1352 845 1423 tortunas
871 1351 1014 1424 iliorum
1037 1371 1098 1424 ser
1132 1352 1360 1425 dominorum
1383 1353 1444 1444 qui

385 1478 570 1551 semissem
601 1478 736 1550 Atticae
767 1477 1012 1569 possiderent,
1042 1479 1258 1570 patrimonio
1291 1478 1445 1552 cessisse

384 1622 448 1694 pro
473 1609 567 1675 certo
591 1601 766 1675 babemus
789 1600 853 1696 (1).
878 1602 1186 1689 Quemadmodum
1207 1611 1325 1675 nmen
1350 1604 1445 1676 bona

384 1728 489 1799 istius
517 1727 656 1819 generis
682 1727 775 1799 inter
801 1726 926 1799 fiscum
956 1734 991 1800 et
1023 1728 1277 1819 patrimonium
1311 1727 1444 1801 divide·

385 1857 524 1934 rentur,
557 1869 683 1943 parum
712 1851 846 1943 liquet,
886 1870 952 1925 nec
986 1852 1222 1925 Hircbsteldio
1252 1853 1442 1937 assentior,

384 1976 612 2049 contendenti
633 1983 706 2049 tota
725 1976 941 2068 patrimonio
960 1977 1130 2049 attributa
1147 1995 1239 2050 esse.
1262 1980 1311 2050 Ea
1328 1978 1441 2061 enim,

383 2109 573 2194 postquam
594 2102 788 2194 Septimius
815 2104 965 2174 Severus
991 2124 1069 2171 rem
1092 2101 1283 2196 priuatum
1309 2103 1441 2175 consti·
1513 2096 1518 2102 ’

384 2229 468 2305 tun.
504 2228 710 2300 etiamnunc
742 2248 763 2298 a
796 2226 873 2300 fisci
911 2228 1200 2320 procuratoribus
1234 2229 1445 2321 pierumque

384 2354 488 2427 vendi
506 2360 540 2425 et
557 2354 594 2424 in
614 2373 782 2426 nummos
802 2352 912 2445 redigi
934 2360 1071 2426 cunstat
1094 2352 1158 2446 (b).

413 2629 445 2692 (1)
461 2628 557 2686 Tacit,
573 2632 659 2689 Ann,
675 2627 721 2688 IV,
738 2627 789 2677 id:
808 2643 820 2673 u
837 2630 991 2676 liberalitas
1002 2630 1124 2688 Aupusti
1139 2631 1256 2689 avulsa,
1273 2631 1444 2688 computatis

382 2719 551 2777 simpillatlnt
574 2729 644 2776 quae
659 2717 725 2775 {isco
739 2718 915 2774 petebantur.
930 2731 942 2761 u
957 2742 989 2751 -
1000 2715 1048 2778 VI,
1064 2715 1079 2764 2
1094 2729 1100 2764 :
1117 2736 1129 2760 u
1147 2719 1219 2765 bona
1233 2718 1330 2765 Seiani
1353 2719 1444 2766 ablata

382 2808 491 2854 aerario
505 2810 535 2854 ut
550 2807 580 2854 in
597 2807 698 2864 liscum
713 2809 889 2865 cuperentur.
905 2820 917 2851 r
933 2805 980 2866 VI,
998 2803 1027 2855 19
1042 2819 1048 2853 :
1066 2809 1156 2855 «Sex.
1168 2808 1276 2854 Marius
1291 2807 1444 2864 Hispania-

382 2909 447 2943 rum
465 2897 667 2952 ditissimus...
684 2896 869 2954 aurariasque
885 2897 947 2942 eius
961 2907 1126 2954 quanquam
1142 2896 1360 2954 publicarentur
1374 2895 1444 2943 sibi·

383 2989 437 3033 mel
462 2985 590 3033 Tiberius
610 2985 776 3041 seposuit.»
796 3009 827 3018 -
843 2983 895 3032 Hic
912 2989 1004 3032 autern
1023 2987 1116 3032 utrum
1135 2983 1202 3032 fisco
1222 2996 1257 3032 an
1278 2982 1444 3045 patrimonio

382 3074 507 3123 addictae
522 3075 587 3121 sunt
604 3072 729 3120 aurariae
746 3071 839 3134 Marii,
855 3073 960 3124 nescio.

412 3162 445 3226 (i)
460 3163 561 3224 Tacit,
577 3166 664 3221 Anu„
681 3159 734 3223 VI,
752 3161 780 3211 17
797 3162 858 3225 (sub
879 3159 999 3224 Tiberio)
1016 3175 1021 3210 :
1041 3164 1108 3210 utet
1127 3163 1286 3221 damnatis,
1309 3163 1444 3222 bonisque

381 3266 480 3300 eorum
492 3253 657 3309 diuenditis,
669 3252 815 3311 sipnaturn
826 3254 978 3310 arpentum
990 3251 1057 3310 {isco
1068 3252 1110 3299 vel
1123 3252 1233 3298 aerario
1243 3251 1444 3298 attinebatur.»

381 3367 410 3376 -
426 3341 512 3402 Plin.,
528 3344 680 3401 Peneum„
699 3353 722 3391 c.
740 3340 770 3388 55
786 3353 791 3388 :
809 3356 821 3386 «
836 3343 947 3389 aerario
967 3344 1092 3390 autem...
1111 3343 1185 3401 quod
1204 3343 1366 3401 sumptibus
1383 3341 1444 3387 etus

380 3433 496 3480 adhibes
512 3432 646 3489 modum,
662 3431 755 3490 utqui
770 3433 941 3479 exhaustum
958 3443 1017 3478 nort
1032 3432 1073 3478 sis
1088 3431 1287 3478 innocentium
1303 3431 1384 3478 bonis
1400 3443 1444 3476 re-

378 3523 517 3580 pleturus.
534 3537 546 3562 n
561 3544 592 3554 -
608 3534 619 3564 u
635 3517 779 3581 Duplicem
795 3522 887 3566 tamen
902 3518 975 3566 illius
988 3519 1042 3566 loci
1057 3531 1169 3568 sensum
1184 3518 1320 3580 reperias,
1335 3517 1394 3567 sive
1409 3516 1443 3566 de

380 3609 576 3657 donationibus
590 3610 623 3656 ab
637 3608 802 3670 imperatore
819 3608 853 3656 ad
868 3608 1004 3656 aerarium
1020 3621 1055 3656 ex
1069 3608 1137 3656 fisco
1152 3607 1268 3666 collatis,
1284 3606 1352 3668 sive,
1369 3605 1442 3669 quod

379 3698 549 3760 probabilius
564 3702 620 3756 est,
637 3697 670 3746 de
686 3697 825 3746 concessis
842 3697 948 3745 aerario
964 3697 1045 3745 bonis
1060 3697 1252 3745 damnatorum
1266 3695 1391 3758 agitur.»

410 3787 443 3851 (3)
458 3786 538 3846 Vita,
552 3801 575 3836 c.
592 3786 625 3835 7:
643 3802 655 3832 u
674 3786 864 3835 damnatorum
885 3789 957 3834 bona
974 3787 1003 3833 in
1021 3786 1119 3834 fiscum
1138 3785 1276 3848 privatum
1290 3784 1379 3848 redigi
1393 3797 1442 3835 va-

378 3877 438 3934 lint,
453 3876 526 3924 omni
540 3889 646 3925 summa
659 3876 688 3923 in
703 3875 809 3924 aerario
823 3875 936 3938 publico
952 3878 1071 3937 recepta.
1086 3890 1098 3921 r

409 3964 442 4028 (1)
459 3965 541 4023 Ptin,
557 3969 590 4014 H.
608 3969 651 4025 N.‚
668 3964 722 4025 Vl,
739 3965 768 4014 35
785 3978 790 4012 :
808 3979 821 4010 u
840 3977 889 4013 sex
904 3963 1010 4012 domini
1029 3963 1171 4012 semissem
1191 3961 1300 4011 Africae
1315 3961 1441 4025 posside-

379 4057 457 4114 bant,
473 4069 535 4104 cum
550 4055 689 4103 interiecit
704 4067 752 4103 eos
768 4054 841 4103 Nero
857 4053 996 4116 princeps.
1014 4068 1027 4099 u

409 4146 441 4209 (5)
456 4144 528 4208 Dig.‚
545 4144 641 4206 XLIX,
659 4143 696 4203 rt,
709 4144 748 4204 45,
765 4143 814 4205 fii,
831 4143 854 4204 t,
873 4142 898 4191 11
912 4142 956 4205 (do
972 4143 1032 4191 iure
1047 4141 1125 4205 fisci).
