3450 5234
825 505 984 566 -it-

375 644 470 720 enim
488 651 626 717 tantum
645 662 790 718 neeesse
809 652 885 718 erat
903 652 942 718 ut
960 643 1045 716 hino
1062 645 1207 737 populi.
1228 644 1329 717 illine
1348 645 1435 719 Cae-

376 771 467 844 saris
486 770 632 862 praedia
653 770 925 843 nominarentur
944 795 953 841 :
975 789 1100 862 parum
1124 771 1294 843 intererat
1318 776 1436 842 utrum

376 896 454 969 fisoi
474 902 595 968 esseut
614 912 660 966 an
680 887 900 986 patrimonii.

425 1023 461 1092 2⁰
495 1018 600 1090 «Res
617 1019 773 1111 (1000100,
796 1021 845 1093 ait
876 1021 1051 1114 Ulpianus
1073 1022 1110 1093 in
1132 1022 1303 1113 Digestis,
1337 1021 1440 1114 quasi

371 1145 549 1242 propriae
587 1151 619 1214 el
655 1144 823 1238 privatae
854 1145 1031 1238 principes
1061 1151 1144 1216 sunt
1167 1144 1231 1240 (1).
1261 1172 1277 1210 ›
1317 1146 1385 1218 Sed
1418 1165 1439 1218 a

372 1271 640 1363 iurisconsultis
657 1271 762 1344 istius
783 1273 953 1363 temporis
972 1272 1162 1344 verborum
1185 1272 1437 1363 proprietatem

377 1396 496 1469 minus
517 1404 691 1468 serratam
712 1415 791 1470 esse
813 1404 968 1481 constat,
994 1415 1111 1488 neque
1137 1397 1189 1469 vis
1216 1397 1313 1468 verbi
1339 1395 1441 1490 quasi

376 1521 572 1593 omittenda
600 1527 665 1593 est.
699 1522 860 1595 Ceterum
890 1523 927 1593 in
948 1521 1141 1594 Callistrati
1173 1522 1368 1614 fragmento
1388 1519 1434 1615 (2)

376 1645 506 1733 olarios
532 1645 803 1739 distinguuntur
831 1647 993 1719 Caesaris
1024 1648 1274 1738 possessiones
1304 1660 1332 1717 a
1352 1647 1439 1718 lonis

377 1771 559 1844 fisoalilms
585 1773 639 1844 vel
668 1773 821 1862 publioIs
841 1773 1081 1864 religiosum:
1109 1792 1226 1864 neque
1246 1772 1438 1844 dicendum

376 1904 446 1979 est,
469 1915 580 1988 quum
609 1887 832 1969 Callistratus
851 1897 970 1971 Severi
992 1903 1152 1989 tempore
1173 1898 1314 1974 vixerit,
1339 1897 1438 1969 illius

377 2024 484 2096 rerba
502 2023 649 2094 forsitan
672 2021 719 2094 atl
737 2044 814 2091 rem
833 2022 1017 2115 privatam
1027 2024 1224 2114 pertinere:
1244 2041 1327 2094 nam
1343 2022 1441 2094 diro·

378 2167 457 2219 rom
478 2148 624 2218 fratrum
654 2147 964 2230 constitutionem,
994 2147 1128 2219 Aurelii
1149 2149 1284 2221 soilioet
1303 2154 1338 2220 et
1360 2147 1439 2220 Veri

380 2271 603 2374 Callistratus
622 2270 756 2344 retulit.

426 2398 461 2467 5⁰
481 2397 741 2488 NegIIgentiore
759 2398 850 2489 stylo
864 2398 1054 2495 scriptores
1071 2399 1247 2471 Historiae
1262 2394 1442 2488 Augustae

378 2521 532 2593 scribere
564 2528 697 2594 eertum
731 2529 796 2614 est,
818 2541 925 2613 quam
957 2529 996 2594 ut
1029 2524 1147 2597 verbis
1184 2523 1363 2616 Spartiani
1399 2522 1443 2596 de

378 2645 559 2717 HadrIano
581 2673 596 2709 ‹
616 2644 799 2736 infinitum
813 2646 1008 2739 paeonium
1026 2664 1116 2742 quoe
1133 2645 1441 2738 fiseo-debebatur,

381 2769 536 2862 privatis
550 2768 793 2840 debitoribus»
819 2773 1022 2846 remittente
1042 2774 1199 2864 aliquam
1219 2773 1340 2846 inesse
1358 2790 1440 2844 auo·

385 2896 563 2967 toritatem
585 2896 771 2969 credamus
794 2895 857 2990 (5).

429 3023 465 3091 t⁰
492 3022 565 3091 lam
586 3020 741 3092 uidimus
759 3021 805 3094 ab
826 3022 1002 3113 Augusto,
1018 3018 1225 3094 *heredibus
1244 3022 1385 3094 liberio
1410 3029 1445 3095 et

381 3145 477 3216 livio
507 3163 579 3216 non
609 3147 779 3236 peounias
799 3145 962 3236 publicas
979 3147 1078 3232 Asel,
1110 3146 1172 3219 sed
1199 3147 1355 3237 privatas
1384 3165 1444 3237 pa·

381 3268 562 3351 trimonii,
595 3287 686 3359 quae
716 3269 760 3340 de
787 3269 976 3342 immensis
995 3270 1256 3343 hereditatibus
1283 3289 1445 3362 superes·

382 3400 480 3476 sent,
504 3412 582 3465 esse
607 3395 761 3467 relictas.

434 3522 467 3590 5⁰
495 3522 521 3590 A
547 3520 686 3592 Tiberio
707 3539 770 3612 per
789 3529 1041 3594 testamentum
1065 3523 1256 3614 nepotibus
1275 3524 1447 3614 pecuniae

384 3645 459 3717 fisoi
481 3647 762 3738 patrimoniique
789 3648 896 3719 simul
917 3648 1061 3720 reliotae
1080 3668 1159 3721 esse
1177 3649 1360 3732 videntur,
1384 3651 1446 3722 sed

415 3865 448 3928 (1)
462 3866 534 3929 1)1(ς.,
552 3866 654 3927 XLIII,
670 3867 693 3926 8,
707 3867 731 3927 I,
746 3867 757 3930 ἓ
773 3867 795 3916 l.

415 3955 447 4020 (2)
463 3955 535 4019 nuga,
549 3955 654 4014 XLIX,
670 3956 712 4019 11,
729 3957 755 4016 3,
772 3959 783 4020 ἓ
798 3958 822 4007 11
842 3973 847 4006 :
865 3975 877 4006 «
893 3959 917 4007 si
933 3959 962 4006 ln
976 3959 1046 4008 locis
1061 3958 1201 4007 fiscalibus
1215 3961 1259 4009 vel
1275 3960 1393 4022 publicis
1408 3974 1446 4009 ro·

384 4045 526 4108 ligiosisve
541 4044 604 4094 Divi
616 4046 714 4095 iratres
730 4048 963 4098 constituerunt...
976 4049 1042 4097 item
1054 4049 1078 4097 si
1088 4049 1118 4096 in
1130 4047 1256 4098 Caesaris
1271 4051 1446 4111 possessione

386 4138 511 4196 repertus
526 4135 617 4186 suerii.
634 4152 646 4181 n
663 4161 693 4170 —
708 4133 749 4185 CI.
767 4136 871 4196 XLIX,
889 4137 931 4197 lt,
947 4138 975 4200 6,
992 4139 1004 4200 1
1021 4137 1031 4187 1
1049 4153 1055 4186 :
1074 4137 1294 4200 «quodcumque
1309 4139 1445 4202 privilegii

386 4224 452 4272 fisco
466 4225 605 4288 competit,
619 4225 671 4276 hoc
683 4225 756 4274 idem
771 4231 798 4278 et
813 4225 940 4278 Caesaris
950 4229 1021 4278 ratio
1035 4232 1063 4277 et
1078 4228 1219 4291 Augustae
1231 4228 1332 4279 habere
1342 4229 1420 4279 solet.
1433 4245 1445 4276 n
1507 4251 1509 4254 >

417 4311 451 4376 (3)
467 4316 542 4375 Vita,
560 4329 582 4364 o.
600 4316 623 4365 5.
