<?xml version="1.0" encoding="UTF-8"?>
<!DOCTYPE html PUBLIC "-//W3C//DTD XHTML 1.0 Transitional//EN"
    "http://www.w3.org/TR/xhtml1/DTD/xhtml1-transitional.dtd">
<html xmlns="http://www.w3.org/1999/xhtml" xml:lang="en" lang="en">
 <head>
  <title>
</title>
<meta http-equiv="Content-Type" content="text/html;charset=utf-8" />
  <meta name='ocr-system' content='tesseract 3.04.00' />
  <meta name='ocr-capabilities' content='ocr_page ocr_carea ocr_par ocr_line ocrx_word'/>
</head>
<body>
  <div class='ocr_page' id='page_1' title='image "./deagrispublicis00lcgoog_0079.png"; bbox 0 0 3450 5234; ppageno 0'>
   <div class='ocr_carea' id='block_1_1' title="bbox 719 604 879 665">
    <p class='ocr_par' dir='ltr' id='par_1_1' title="bbox 719 604 879 665">
     <span class='ocr_line' id='line_1_1' title="bbox 719 604 879 665; baseline 0.006 -15"><span class='ocrx_word' id='word_1_1' title='bbox 719 604 879 665; x_wconf 80' lang='lat'>-75-</span> 
     </span>
    </p>
   </div>
   <div class='ocr_carea' id='block_1_2' title="bbox 267 740 1362 3338">
    <p class='ocr_par' dir='ltr' id='par_1_2' title="bbox 267 740 1336 1209">
     <span class='ocr_line' id='line_1_2' title="bbox 271 740 1335 832; baseline 0 -21"><span class='ocrx_word' id='word_1_2' title='bbox 271 741 334 831; x_wconf 86' lang='lat' dir='ltr'><strong>qui</strong></span> <span class='ocrx_word' id='word_1_3' title='bbox 351 759 476 813; x_wconf 90' lang='lat' dir='ltr'><strong>omnes</strong></span> <span class='ocrx_word' id='word_1_4' title='bbox 492 740 629 812; x_wconf 86' lang='lat' dir='ltr'><strong>reditus</strong></span> <span class='ocrx_word' id='word_1_5' title='bbox 650 759 692 812; x_wconf 86' lang='lat' dir='ltr'><strong>err</strong></span> <span class='ocrx_word' id='word_1_6' title='bbox 707 741 856 832; x_wconf 88' lang='lat' dir='ltr'><strong>antiquo</strong></span> <span class='ocrx_word' id='word_1_7' title='bbox 872 740 1088 831; x_wconf 88' lang='lat' dir='ltr'><strong>patrimonio</strong></span> <span class='ocrx_word' id='word_1_8' title='bbox 1103 740 1150 812; x_wconf 84' lang='lat' dir='ltr'><strong>ad</strong></span> <span class='ocrx_word' id='word_1_9' title='bbox 1169 758 1242 812; x_wconf 89' lang='lat' dir='ltr'><strong>rem</strong></span> <span class='ocrx_word' id='word_1_10' title='bbox 1264 740 1335 832; x_wconf 89' lang='lat' dir='ltr'><strong>pri·</strong></span> 
     </span>
     <span class='ocr_line' id='line_1_3' title="bbox 271 864 1336 956; baseline -0.002 -19"><span class='ocrx_word' id='word_1_11' title='bbox 271 872 387 937; x_wconf 73' lang='lat' dir='ltr'><strong>raam</strong></span> <span class='ocrx_word' id='word_1_12' title='bbox 408 864 650 946; x_wconf 88' lang='lat' dir='ltr'><strong>transierunt;</strong></span> <span class='ocrx_word' id='word_1_13' title='bbox 669 865 722 936; x_wconf 88' lang='lat' dir='ltr'><strong>sic</strong></span> <span class='ocrx_word' id='word_1_14' title='bbox 741 865 779 935; x_wconf 93' lang='lat' dir='ltr'><strong>iu</strong></span> <span class='ocrx_word' id='word_1_15' title='bbox 797 864 969 956; x_wconf 83' lang='lat' dir='ltr'>Hispania</span> <span class='ocrx_word' id='word_1_16' title='bbox 986 865 1193 955; x_wconf 82' lang='lat' dir='ltr'><strong>patrimonii</strong></span> <span class='ocrx_word' id='word_1_17' title='bbox 1210 883 1336 956; x_wconf 85' lang='lat' dir='ltr'><strong>procu·</strong></span> 
     </span>
     <span class='ocr_line' id='line_1_4' title="bbox 271 987 1336 1082; baseline -0.002 -20"><span class='ocrx_word' id='word_1_18' title='bbox 271 997 425 1062; x_wconf 80' lang='lat' dir='ltr'><strong>ratonem</strong></span> <span class='ocrx_word' id='word_1_19' title='bbox 453 988 630 1075; x_wconf 87' lang='lat' dir='ltr'><strong>habemus</strong></span> <span class='ocrx_word' id='word_1_20' title='bbox 658 989 831 1080; x_wconf 84' lang='lat' dir='ltr'><strong>quemad</strong></span> <span class='ocrx_word' id='word_1_21' title='bbox 856 987 1071 1058; x_wconf 74' lang='lat' dir='ltr'><strong>rationalem</strong></span> <span class='ocrx_word' id='word_1_22' title='bbox 1094 988 1150 1059; x_wconf 82' lang='lat' dir='ltr'><strong>rei</strong></span> <span class='ocrx_word' id='word_1_23' title='bbox 1165 988 1336 1082; x_wconf 79' lang='lat' dir='ltr'><strong>privatae</strong></span> 
     </span>
     <span class='ocr_line' id='line_1_5' title="bbox 267 1110 1236 1209; baseline -0.003 -25"><span class='ocrx_word' id='word_1_24' title='bbox 267 1136 339 1209; x_wconf 83' lang='lat' dir='ltr'><strong>per</strong></span> <span class='ocrx_word' id='word_1_25' title='bbox 356 1111 554 1205; x_wconf 74' lang='lat' dir='ltr'><strong>Hispanias</strong></span> <span class='ocrx_word' id='word_1_26' title='bbox 572 1112 752 1204; x_wconf 89' lang='lat' dir='ltr'><strong>pertinere</strong></span> <span class='ocrx_word' id='word_1_27' title='bbox 771 1113 873 1185; x_wconf 87' lang='lat' dir='ltr'><strong>valde</strong></span> <span class='ocrx_word' id='word_1_28' title='bbox 892 1112 1077 1205; x_wconf 77' lang='lat' dir='ltr'><strong>probabile</strong></span> <span class='ocrx_word' id='word_1_29' title='bbox 1096 1120 1150 1186; x_wconf 88' lang='lat' dir='ltr'><strong>est</strong></span> <span class='ocrx_word' id='word_1_30' title='bbox 1172 1110 1183 1206; x_wconf 99' lang='grc'>(</span> <span class='ocrx_word' id='word_1_31' title='bbox 1209 1110 1236 1206; x_wconf 96' lang='grc'><strong>).</strong></span> 
     </span>
    </p>

    <p class='ocr_par' dir='ltr' id='par_1_3' title="bbox 273 1237 1339 1959">
     <span class='ocr_line' id='line_1_6' title="bbox 321 1237 1339 1330; baseline 0 -19"><span class='ocrx_word' id='word_1_32' title='bbox 321 1242 421 1311; x_wconf 88' lang='lat' dir='ltr'><strong>lnre</strong></span> <span class='ocrx_word' id='word_1_33' title='bbox 443 1239 581 1330; x_wconf 84' lang='lat' dir='ltr'><strong>privata</strong></span> <span class='ocrx_word' id='word_1_34' title='bbox 607 1240 775 1329; x_wconf 86' lang='lat' dir='ltr'><strong>antiquos</strong></span> <span class='ocrx_word' id='word_1_35' title='bbox 793 1238 900 1311; x_wconf 88' lang='lat' dir='ltr'><strong>etiam</strong></span> <span class='ocrx_word' id='word_1_36' title='bbox 927 1238 1058 1310; x_wconf 82' lang='lat' dir='ltr'><strong>tunnas</strong></span> <span class='ocrx_word' id='word_1_37' title='bbox 1079 1237 1219 1310; x_wconf 81' lang='lat' dir='ltr'><strong>fiscales</strong></span> <span class='ocrx_word' id='word_1_38' title='bbox 1243 1257 1339 1311; x_wconf 94' lang='lat' dir='ltr'><strong>nunc</strong></span> 
     </span>
     <span class='ocr_line' id='line_1_7' title="bbox 273 1362 1337 1460; baseline -0.004 -21"><span class='ocrx_word' id='word_1_39' title='bbox 273 1370 464 1460; x_wconf 86' lang='lat' dir='ltr'><strong>plerosque</strong></span> <span class='ocrx_word' id='word_1_40' title='bbox 484 1364 660 1436; x_wconf 79' lang='lat' dir='ltr'><strong>contineri</strong></span> <span class='ocrx_word' id='word_1_41' title='bbox 680 1364 784 1435; x_wconf 87' lang='lat' dir='ltr'><strong>eredo</strong></span> <span class='ocrx_word' id='word_1_42' title='bbox 807 1388 815 1434; x_wconf 74' lang='grc' dir='ltr'><strong><em>ε</em></strong></span> <span class='ocrx_word' id='word_1_43' title='bbox 838 1363 1002 1454; x_wconf 84' lang='lat' dir='ltr'><strong>quamvis</strong></span> <span class='ocrx_word' id='word_1_44' title='bbox 1021 1364 1117 1437; x_wconf 88' lang='lat' dir='ltr'><strong>enirn</strong></span> <span class='ocrx_word' id='word_1_45' title='bbox 1133 1364 1171 1435; x_wconf 94' lang='lat' dir='ltr'><strong>in</strong></span> <span class='ocrx_word' id='word_1_46' title='bbox 1187 1362 1337 1436; x_wconf 86' lang='lat' dir='ltr'><strong>dirersis</strong></span> 
     </span>
     <span class='ocr_line' id='line_1_8' title="bbox 274 1488 1335 1564; baseline -0.003 0"><span class='ocrx_word' id='word_1_47' title='bbox 274 1493 360 1564; x_wconf 89' lang='lat' dir='ltr'><strong>loeis</strong></span> <span class='ocrx_word' id='word_1_48' title='bbox 385 1490 546 1562; x_wconf 87' lang='lat' dir='ltr'><strong>codicum</strong></span> <span class='ocrx_word' id='word_1_49' title='bbox 575 1489 814 1561; x_wconf 85' lang='lat' dir='ltr'><strong>Theodosiani</strong></span> <span class='ocrx_word' id='word_1_50' title='bbox 842 1497 876 1561; x_wconf 89' lang='lat' dir='ltr'><strong>et</strong></span> <span class='ocrx_word' id='word_1_51' title='bbox 903 1490 1093 1561; x_wconf 88' lang='lat' dir='ltr'><strong>iustiniani</strong></span> <span class='ocrx_word' id='word_1_52' title='bbox 1111 1489 1156 1560; x_wconf 92' lang='lat' dir='ltr'><strong>ab</strong></span> <span class='ocrx_word' id='word_1_53' title='bbox 1177 1490 1239 1561; x_wconf 89' lang='lat' dir='ltr'><strong>illa</strong></span> <span class='ocrx_word' id='word_1_54' title='bbox 1260 1488 1335 1561; x_wconf 86' lang='lat' dir='ltr'><strong>dis-</strong></span> 
     </span>
     <span class='ocr_line' id='line_1_9' title="bbox 273 1611 1336 1708; baseline -0.002 -19"><span class='ocrx_word' id='word_1_55' title='bbox 273 1615 388 1708; x_wconf 80' lang='lat' dir='ltr'><strong>tingui</strong></span> <span class='ocrx_word' id='word_1_56' title='bbox 407 1615 596 1686; x_wconf 85' lang='lat' dir='ltr'><strong>rideantur</strong></span> <span class='ocrx_word' id='word_1_57' title='bbox 618 1611 683 1707; x_wconf 78' lang='grc'><strong>(3),</strong></span> <span class='ocrx_word' id='word_1_58' title='bbox 700 1614 768 1685; x_wconf 88' lang='lat' dir='ltr'><strong>hoc</strong></span> <span class='ocrx_word' id='word_1_59' title='bbox 788 1621 923 1686; x_wconf 86' lang='lat' dir='ltr'><strong>certum</strong></span> <span class='ocrx_word' id='word_1_60' title='bbox 940 1615 1106 1705; x_wconf 85' lang='lat' dir='ltr'><strong>estquod</strong></span> <span class='ocrx_word' id='word_1_61' title='bbox 1127 1616 1212 1687; x_wconf 88' lang='lat' dir='ltr'><strong>hino</strong></span> <span class='ocrx_word' id='word_1_62' title='bbox 1226 1616 1336 1687; x_wconf 90' lang='lat' dir='ltr'><strong>sacris</strong></span> 
     </span>
     <span class='ocr_line' id='line_1_10' title="bbox 273 1717 1339 1832; baseline -0.002 -19"><span class='ocrx_word' id='word_1_63' title='bbox 273 1717 523 1832; x_wconf 79' lang='lat' dir='ltr'><strong>largitionibus</strong></span> <span class='ocrx_word' id='word_1_64' title='bbox 544 1739 690 1821; x_wconf 77' lang='lat' dir='ltr'><strong>ranna,</strong></span> <span class='ocrx_word' id='word_1_65' title='bbox 713 1739 813 1810; x_wconf 80' lang='lat' dir='ltr'><strong>unm</strong></span> <span class='ocrx_word' id='word_1_66' title='bbox 832 1738 883 1810; x_wconf 81' lang='lat' dir='ltr'><strong>ret</strong></span> <span class='ocrx_word' id='word_1_67' title='bbox 902 1739 1059 1829; x_wconf 74' lang='lat' dir='ltr'><strong>privatae</strong></span> <span class='ocrx_word' id='word_1_68' title='bbox 1078 1739 1195 1825; x_wconf 77' lang='lat' dir='ltr'><strong>turoi,</strong></span> <span class='ocrx_word' id='word_1_69' title='bbox 1222 1740 1339 1812; x_wconf 75' lang='lat' dir='ltr'><strong>curus-</strong></span> 
     </span>
     <span class='ocr_line' id='line_1_11' title="bbox 275 1861 1134 1959; baseline -0.003 -20"><span class='ocrx_word' id='word_1_70' title='bbox 275 1884 427 1957; x_wconf 87' lang='lat' dir='ltr'><strong>curuque</strong></span> <span class='ocrx_word' id='word_1_71' title='bbox 443 1872 594 1937; x_wconf 82' lang='lat' dir='ltr'><strong>naturae</strong></span> <span class='ocrx_word' id='word_1_72' title='bbox 614 1872 747 1945; x_wconf 87' lang='lat' dir='ltr'><strong>essent,</strong></span> <span class='ocrx_word' id='word_1_73' title='bbox 770 1865 940 1955; x_wconf 80' lang='lat' dir='ltr'><strong>assignati</strong></span> <span class='ocrx_word' id='word_1_74' title='bbox 962 1872 1048 1936; x_wconf 87' lang='lat' dir='ltr'><strong>sunt</strong></span> <span class='ocrx_word' id='word_1_75' title='bbox 1069 1861 1134 1959; x_wconf 81' lang='grc'>(5).</span> 
     </span>
    </p>

    <p class='ocr_par' dir='ltr' id='par_1_4' title="bbox 274 1990 1362 3338">
     <span class='ocr_line' id='line_1_12' title="bbox 324 1990 1336 2081; baseline 0 -19"><span class='ocrx_word' id='word_1_76' title='bbox 324 1993 351 2063; x_wconf 85' lang='grc' dir='ltr'><strong>Α</strong></span> <span class='ocrx_word' id='word_1_77' title='bbox 371 2010 408 2062; x_wconf 88' lang='lat' dir='ltr'><strong>re</strong></span> <span class='ocrx_word' id='word_1_78' title='bbox 426 1998 546 2062; x_wconf 87' lang='lat' dir='ltr'><strong>tamen</strong></span> <span class='ocrx_word' id='word_1_79' title='bbox 568 1992 721 2081; x_wconf 86' lang='lat' dir='ltr'><strong>privata,</strong></span> <span class='ocrx_word' id='word_1_80' title='bbox 744 1991 847 2080; x_wconf 88' lang='lat' dir='ltr'><strong>quasi</strong></span> <span class='ocrx_word' id='word_1_81' title='bbox 873 2009 994 2061; x_wconf 89' lang='lat' dir='ltr'><strong>rarnus</strong></span> <span class='ocrx_word' id='word_1_82' title='bbox 1022 1990 1067 2062; x_wconf 89' lang='lat' dir='ltr'><strong>ab</strong></span> <span class='ocrx_word' id='word_1_83' title='bbox 1091 1992 1237 2074; x_wconf 90' lang='lat' dir='ltr'><strong>arbore,</strong></span> <span class='ocrx_word' id='word_1_84' title='bbox 1261 1991 1336 2062; x_wconf 86' lang='lat' dir='ltr'><strong>uis-</strong></span> 
     </span>
     <span class='ocr_line' id='line_1_13' title="bbox 275 2094 1336 2209; baseline 0.002 -21"><span class='ocrx_word' id='word_1_85' title='bbox 275 2117 470 2209; x_wconf 77' lang='lat' dir='ltr'><strong>tinguenda</strong></span> <span class='ocrx_word' id='word_1_86' title='bbox 486 2123 541 2189; x_wconf 89' lang='lat' dir='ltr'><strong>est</strong></span> <span class='ocrx_word' id='word_1_87' title='bbox 555 2116 679 2185; x_wconf 76' lang='lat' dir='ltr'><strong>danim</strong></span> <span class='ocrx_word' id='word_1_88' title='bbox 696 2106 834 2197; x_wconf 68' lang='lat' dir='ltr'><strong>divina,</strong></span> <span class='ocrx_word' id='word_1_89' title='bbox 853 2135 961 2206; x_wconf 86' lang='lat' dir='ltr'><strong>quarn</strong></span> <span class='ocrx_word' id='word_1_90' title='bbox 977 2134 1022 2187; x_wconf 88' lang='lat' dir='ltr'><strong>ne</strong></span> <span class='ocrx_word' id='word_1_91' title='bbox 1040 2094 1239 2190; x_wconf 82' lang='lat' dir='ltr'><strong>contundes</strong></span> <span class='ocrx_word' id='word_1_92' title='bbox 1258 2137 1336 2191; x_wconf 89' lang='lat' dir='ltr'><strong>curu</strong></span> 
     </span>
     <span class='ocr_line' id='line_1_14' title="bbox 275 2240 1337 2334; baseline 0 -21"><span class='ocrx_word' id='word_1_93' title='bbox 275 2242 490 2334; x_wconf 82' lang='lat' dir='ltr'><strong>patrimonio</strong></span> <span class='ocrx_word' id='word_1_94' title='bbox 506 2240 602 2331; x_wconf 79' lang='lat' dir='ltr'><strong>quoti</strong></span> <span class='ocrx_word' id='word_1_95' title='bbox 620 2240 832 2311; x_wconf 79' lang='lat' dir='ltr'><strong>Anastasius</strong></span> <span class='ocrx_word' id='word_1_96' title='bbox 852 2248 1034 2313; x_wconf 88' lang='lat' dir='ltr'><strong>creaturus</strong></span> <span class='ocrx_word' id='word_1_97' title='bbox 1056 2242 1120 2324; x_wconf 88' lang='lat' dir='ltr'><strong>sit,</strong></span> <span class='ocrx_word' id='word_1_98' title='bbox 1143 2242 1337 2315; x_wconf 84' lang='lat' dir='ltr'><strong>carendum</strong></span> 
     </span>
     <span class='ocr_line' id='line_1_15' title="bbox 275 2364 1340 2459; baseline -0.005 -19"><span class='ocrx_word' id='word_1_99' title='bbox 275 2375 330 2440; x_wconf 88' lang='lat' dir='ltr'><strong>est</strong></span> <span class='ocrx_word' id='word_1_100' title='bbox 359 2364 423 2459; x_wconf 75' lang='grc' dir='ltr'><strong>(Ι).</strong></span> <span class='ocrx_word' id='word_1_101' title='bbox 455 2368 496 2437; x_wconf 92' lang='lat' dir='ltr'><strong>ln</strong></span> <span class='ocrx_word' id='word_1_102' title='bbox 525 2385 567 2439; x_wconf 89' lang='lat' dir='ltr'><strong>ea</strong></span> <span class='ocrx_word' id='word_1_103' title='bbox 599 2366 774 2438; x_wconf 79' lang='lat' dir='ltr'><strong>contineri</strong></span> <span class='ocrx_word' id='word_1_104' title='bbox 804 2366 910 2437; x_wconf 86' lang='lat' dir='ltr'><strong>etiam</strong></span> <span class='ocrx_word' id='word_1_105' title='bbox 938 2366 1097 2459; x_wconf 83' lang='lat' dir='ltr'><strong>praedia</strong></span> <span class='ocrx_word' id='word_1_106' title='bbox 1130 2365 1340 2437; x_wconf 79' lang='lat' dir='ltr'><strong>venerabilis</strong></span> 
     </span>
     <span class='ocr_line' id='line_1_16' title="bbox 274 2486 1339 2596; baseline 0.004 -35"><span class='ocrx_word' id='word_1_107' title='bbox 274 2490 676 2582; x_wconf 82' lang='lat' dir='ltr'><strong>snbstantiaeprobabile</strong></span> <span class='ocrx_word' id='word_1_108' title='bbox 688 2498 743 2562; x_wconf 90' lang='lat' dir='ltr'><strong>est</strong></span> <span class='ocrx_word' id='word_1_109' title='bbox 761 2486 826 2584; x_wconf 82' lang='grc'><strong>(3).</strong></span> <span class='ocrx_word' id='word_1_110' title='bbox 844 2492 972 2561; x_wconf 84' lang='lat' dir='ltr'><strong>Domui</strong></span> <span class='ocrx_word' id='word_1_111' title='bbox 990 2490 1144 2573; x_wconf 88' lang='lat' dir='ltr'><strong>divinae,</strong></span> <span class='ocrx_word' id='word_1_112' title='bbox 1159 2493 1196 2563; x_wconf 96' lang='lat' dir='ltr'><strong>in</strong></span> <span class='ocrx_word' id='word_1_113' title='bbox 1212 2500 1339 2596; x_wconf 86' lang='lat' dir='ltr'><strong>quarto</strong></span> 
     </span>
     <span class='ocr_line' id='line_1_17' title="bbox 276 2615 1339 2708; baseline -0.003 -17"><span class='ocrx_word' id='word_1_114' title='bbox 276 2620 395 2691; x_wconf 91' lang='lat' dir='ltr'><strong>seculo</strong></span> <span class='ocrx_word' id='word_1_115' title='bbox 423 2624 582 2697; x_wconf 78' lang='lat' dir='ltr'><strong>creatae,</strong></span> <span class='ocrx_word' id='word_1_116' title='bbox 612 2622 647 2687; x_wconf 88' lang='lat' dir='ltr'><strong>et</strong></span> <span class='ocrx_word' id='word_1_117' title='bbox 679 2615 724 2687; x_wconf 87' lang='lat' dir='ltr'><strong>ad</strong></span> <span class='ocrx_word' id='word_1_118' title='bbox 760 2616 922 2706; x_wconf 87' lang='lat' dir='ltr'><strong>proprias</strong></span> <span class='ocrx_word' id='word_1_119' title='bbox 950 2616 1122 2707; x_wconf 85' lang='lat' dir='ltr'><strong>principis</strong></span> <span class='ocrx_word' id='word_1_120' title='bbox 1156 2618 1339 2708; x_wconf 86' lang='lat' dir='ltr'><strong>impensas</strong></span> 
     </span>
     <span class='ocr_line' id='line_1_18' title="bbox 277 2739 1342 2835; baseline -0.004 -20"><span class='ocrx_word' id='word_1_121' title='bbox 277 2742 476 2816; x_wconf 81' lang='lat' dir='ltr'><strong>destinatae</strong></span> <span class='ocrx_word' id='word_1_122' title='bbox 486 2748 628 2832; x_wconf 83' lang='lat' dir='ltr'><strong>praerat</strong></span> <span class='ocrx_word' id='word_1_123' title='bbox 638 2744 860 2835; x_wconf 80' lang='lat' dir='ltr'><strong>praepositas</strong></span> <span class='ocrx_word' id='word_1_124' title='bbox 873 2739 1134 2821; x_wconf 69' lang='lat' dir='ltr'><strong>sacricnbicnii</strong></span> <span class='ocrx_word' id='word_1_125' title='bbox 1148 2760 1227 2813; x_wconf 86' lang='lat' dir='ltr'><strong>curu</strong></span> <span class='ocrx_word' id='word_1_126' title='bbox 1237 2762 1342 2811; x_wconf 84' lang='lat' dir='ltr'><strong>enra-</strong></span> 
     </span>
     <span class='ocr_line' id='line_1_19' title="bbox 275 2846 1340 2959; baseline 0.002 -22"><span class='ocrx_word' id='word_1_127' title='bbox 275 2865 406 2937; x_wconf 80' lang='lat' dir='ltr'><strong>turibns</strong></span> <span class='ocrx_word' id='word_1_128' title='bbox 425 2865 624 2936; x_wconf 80' lang='lat' dir='ltr'><strong>dominicae</strong></span> <span class='ocrx_word' id='word_1_129' title='bbox 643 2864 785 2948; x_wconf 80' lang='lat' dir='ltr'><strong>domna,</strong></span> <span class='ocrx_word' id='word_1_130' title='bbox 806 2863 1051 2959; x_wconf 80' lang='lat' dir='ltr'><strong>comitibusque</strong></span> <span class='ocrx_word' id='word_1_131' title='bbox 1070 2846 1271 2936; x_wconf 61' lang='lat' dir='ltr'><strong>domanam.¹</strong></span> <span class='ocrx_word' id='word_1_132' title='bbox 1299 2868 1340 2939; x_wconf 92' lang='lat' dir='ltr'><strong>lu</strong></span> 
     </span>
     <span class='ocr_line' id='line_1_20' title="bbox 277 2989 1340 3085; baseline 0.001 -21"><span class='ocrx_word' id='word_1_133' title='bbox 277 2993 404 3066; x_wconf 89' lang='lat' dir='ltr'><strong>notitia</strong></span> <span class='ocrx_word' id='word_1_134' title='bbox 423 2992 635 3083; x_wconf 73' lang='lat' dir='ltr'><strong>dignitatum</strong></span> <span class='ocrx_word' id='word_1_135' title='bbox 657 2992 756 3063; x_wconf 83' lang='lat' dir='ltr'><strong>solus</strong></span> <span class='ocrx_word' id='word_1_136' title='bbox 774 3012 887 3061; x_wconf 86' lang='lat' dir='ltr'><strong>comes</strong></span> <span class='ocrx_word' id='word_1_137' title='bbox 905 2989 1092 3061; x_wconf 78' lang='lat' dir='ltr'><strong>domorum</strong></span> <span class='ocrx_word' id='word_1_138' title='bbox 1108 3014 1177 3083; x_wconf 80' lang='lat' dir='ltr'><strong>pen</strong></span> <span class='ocrx_word' id='word_1_139' title='bbox 1195 2990 1340 3085; x_wconf 80' lang='lat' dir='ltr'><strong>Cappa·</strong></span> 
     </span>
     <span class='ocr_line' id='line_1_21' title="bbox 275 3103 1341 3211; baseline 0.003 -22"><span class='ocrx_word' id='word_1_140' title='bbox 275 3103 414 3190; x_wconf 77' lang='lat' dir='ltr'><strong>dociam</strong></span> <span class='ocrx_word' id='word_1_141' title='bbox 431 3125 579 3210; x_wconf 83' lang='lat' dir='ltr'><strong>apparet</strong></span> <span class='ocrx_word' id='word_1_142' title='bbox 602 3115 648 3211; x_wconf 86' lang='grc'><strong>(6)</strong></span> <span class='ocrx_word' id='word_1_143' title='bbox 666 3174 674 3201; x_wconf 91' lang='grc'><strong>,</strong></span> <span class='ocrx_word' id='word_1_144' title='bbox 698 3118 822 3209; x_wconf 88' lang='lat' dir='ltr'><strong>inqua</strong></span> <span class='ocrx_word' id='word_1_145' title='bbox 841 3118 985 3209; x_wconf 80' lang='lat' dir='ltr'><strong>regione</strong></span> <span class='ocrx_word' id='word_1_146' title='bbox 999 3119 1223 3209; x_wconf 86' lang='lat' dir='ltr'><strong>amplissima</strong></span> <span class='ocrx_word' id='word_1_147' title='bbox 1238 3127 1341 3192; x_wconf 89' lang='lat' dir='ltr'><strong>erant</strong></span> 
     </span>
     <span class='ocr_line' id='line_1_22' title="bbox 276 3240 1362 3338; baseline 0.002 -24"><span class='ocrx_word' id='word_1_148' title='bbox 276 3244 441 3335; x_wconf 84' lang='lat' dir='ltr'><strong>praedia,</strong></span> <span class='ocrx_word' id='word_1_149' title='bbox 463 3244 677 3334; x_wconf 84' lang='lat' dir='ltr'><strong>templorum</strong></span> <span class='ocrx_word' id='word_1_150' title='bbox 696 3243 823 3333; x_wconf 83' lang='lat' dir='ltr'><strong>spoliis</strong></span> <span class='ocrx_word' id='word_1_151' title='bbox 847 3249 950 3314; x_wconf 88' lang='lat' dir='ltr'><strong>aucta</strong></span> <span class='ocrx_word' id='word_1_152' title='bbox 969 3240 1032 3338; x_wconf 90' lang='grc'><strong>(7),</strong></span> <span class='ocrx_word' id='word_1_153' title='bbox 1059 3263 1152 3334; x_wconf 87' lang='lat' dir='ltr'><strong>quae</strong></span> <span class='ocrx_word' id='word_1_154' title='bbox 1177 3245 1362 3316; x_wconf 85' lang='lat' dir='ltr'><strong>colebant·</strong></span> 
     </span>
    </p>
   </div>
   <div class='ocr_carea' id='block_1_3' title="bbox 276 3503 1343 4465">
    <p class='ocr_par' dir='ltr' id='par_1_5' title="bbox 307 3503 686 3567">
     <span class='ocr_line' id='line_1_23' title="bbox 307 3503 686 3567; baseline -0.003 -13"><span class='ocrx_word' id='word_1_155' title='bbox 307 3505 340 3567; x_wconf 87' lang='grc'><strong>(1)</strong></span> <span class='ocrx_word' id='word_1_156' title='bbox 357 3504 388 3556; x_wconf 85' lang='lat' dir='ltr'><strong>G.</strong></span> <span class='ocrx_word' id='word_1_157' title='bbox 402 3504 462 3567; x_wconf 64' lang='lat' dir='ltr'><strong>Tu„</strong></span> <span class='ocrx_word' id='word_1_158' title='bbox 477 3504 524 3564; x_wconf 87' lang='lat' dir='ltr'><strong>IX,</strong></span> <span class='ocrx_word' id='word_1_159' title='bbox 540 3503 578 3565; x_wconf 73' lang='lat'><strong>42,</strong></span> <span class='ocrx_word' id='word_1_160' title='bbox 596 3504 619 3555; x_wconf 89' lang='lat'><strong>3.</strong></span> <span class='ocrx_word' id='word_1_161' title='bbox 681 3510 686 3525; x_wconf 91' lang='grc'>·</span> 
     </span>
    </p>

    <p class='ocr_par' dir='ltr' id='par_1_6' title="bbox 276 3593 1343 3833">
     <span class='ocr_line' id='line_1_24' title="bbox 307 3593 1343 3657; baseline 0.001 -15"><span class='ocrx_word' id='word_1_162' title='bbox 307 3593 340 3657; x_wconf 78' lang='grc'><strong>(3)</strong></span> <span class='ocrx_word' id='word_1_163' title='bbox 356 3593 403 3656; x_wconf 87' lang='lat' dir='ltr'><strong>XI,</strong></span> <span class='ocrx_word' id='word_1_164' title='bbox 417 3593 456 3653; x_wconf 84' lang='lat'><strong>68,</strong></span> <span class='ocrx_word' id='word_1_165' title='bbox 471 3598 508 3642; x_wconf 84' lang='lat' dir='ltr'><strong>De</strong></span> <span class='ocrx_word' id='word_1_166' title='bbox 524 3595 658 3654; x_wconf 73' lang='lat' dir='ltr'><strong>sarientis</strong></span> <span class='ocrx_word' id='word_1_167' title='bbox 673 3598 698 3641; x_wconf 86' lang='lat' dir='ltr'><strong>et</strong></span> <span class='ocrx_word' id='word_1_168' title='bbox 713 3595 869 3653; x_wconf 81' lang='lat' dir='ltr'><strong>mancipiis</strong></span> <span class='ocrx_word' id='word_1_169' title='bbox 884 3596 1040 3643; x_wconf 81' lang='lat' dir='ltr'><strong>dominicis</strong></span> <span class='ocrx_word' id='word_1_170' title='bbox 1060 3598 1102 3643; x_wconf 86' lang='lat' dir='ltr'><strong>vet</strong></span> <span class='ocrx_word' id='word_1_171' title='bbox 1117 3596 1261 3655; x_wconf 73' lang='lat' dir='ltr'><strong>fiscalibus</strong></span> <span class='ocrx_word' id='word_1_172' title='bbox 1283 3597 1343 3644; x_wconf 83' lang='lat' dir='ltr'><strong>sive</strong></span> 
     </span>
     <span class='ocr_line' id='line_1_25' title="bbox 276 3682 1342 3747; baseline 0 -14"><span class='ocrx_word' id='word_1_173' title='bbox 276 3686 318 3734; x_wconf 86' lang='lat' dir='ltr'><strong>rei</strong></span> <span class='ocrx_word' id='word_1_174' title='bbox 331 3686 469 3745; x_wconf 82' lang='lat' dir='ltr'><strong>priuatae.</strong></span> <span class='ocrx_word' id='word_1_175' title='bbox 482 3682 522 3742; x_wconf 84' lang='lat'><strong>71,</strong></span> <span class='ocrx_word' id='word_1_176' title='bbox 535 3687 573 3731; x_wconf 87' lang='lat' dir='ltr'><strong>De</strong></span> <span class='ocrx_word' id='word_1_177' title='bbox 584 3686 723 3733; x_wconf 86' lang='lat' dir='ltr'><strong>locatione</strong></span> <span class='ocrx_word' id='word_1_178' title='bbox 734 3686 921 3746; x_wconf 83' lang='lat' dir='ltr'><strong>praediorum</strong></span> <span class='ocrx_word' id='word_1_179' title='bbox 933 3685 1064 3734; x_wconf 85' lang='lat' dir='ltr'><strong>civilium</strong></span> <span class='ocrx_word' id='word_1_180' title='bbox 1074 3688 1117 3735; x_wconf 88' lang='lat' dir='ltr'><strong>vet</strong></span> <span class='ocrx_word' id='word_1_181' title='bbox 1130 3688 1271 3747; x_wconf 74' lang='lat' dir='ltr'><strong>fiscalium</strong></span> <span class='ocrx_word' id='word_1_182' title='bbox 1283 3688 1342 3734; x_wconf 82' lang='lat' dir='ltr'><strong>sive</strong></span> 
     </span>
     <span class='ocr_line' id='line_1_26' title="bbox 277 3774 967 3833; baseline 0.001 -11"><span class='ocrx_word' id='word_1_183' title='bbox 277 3776 450 3833; x_wconf 82' lang='lat' dir='ltr'><strong>temptorum</strong></span> <span class='ocrx_word' id='word_1_184' title='bbox 465 3774 525 3821; x_wconf 88' lang='lat' dir='ltr'><strong>sive</strong></span> <span class='ocrx_word' id='word_1_185' title='bbox 539 3776 581 3821; x_wconf 85' lang='lat' dir='ltr'><strong>rei</strong></span> <span class='ocrx_word' id='word_1_186' title='bbox 594 3775 723 3832; x_wconf 82' lang='lat' dir='ltr'><strong>privatae</strong></span> <span class='ocrx_word' id='word_1_187' title='bbox 737 3776 780 3822; x_wconf 88' lang='lat' dir='ltr'><strong>vet</strong></span> <span class='ocrx_word' id='word_1_188' title='bbox 796 3776 967 3823; x_wconf 83' lang='lat' dir='ltr'><strong>dominicae.</strong></span> 
     </span>
    </p>

    <p class='ocr_par' dir='ltr' id='par_1_7' title="bbox 278 3862 1340 4024">
     <span class='ocr_line' id='line_1_27' title="bbox 308 3862 1340 3927; baseline 0.002 -14"><span class='ocrx_word' id='word_1_189' title='bbox 308 3862 342 3927; x_wconf 88' lang='grc'><strong>(3)</strong></span> <span class='ocrx_word' id='word_1_190' title='bbox 357 3862 386 3912; x_wconf 88' lang='lat' dir='ltr'><strong>G.</strong></span> <span class='ocrx_word' id='word_1_191' title='bbox 403 3862 482 3924; x_wconf 76' lang='lat' dir='ltr'><strong>lust,</strong></span> <span class='ocrx_word' id='word_1_192' title='bbox 496 3862 584 3925; x_wconf 86' lang='lat' dir='ltr'>x,-10,</span> <span class='ocrx_word' id='word_1_193' title='bbox 599 3862 613 3912; x_wconf 78' lang='lat'>4</span> <span class='ocrx_word' id='word_1_194' title='bbox 628 3867 655 3911; x_wconf 89' lang='lat' dir='ltr'><strong>ot</strong></span> <span class='ocrx_word' id='word_1_195' title='bbox 669 3864 700 3923; x_wconf 88' lang='lat'><strong>5;</strong></span> <span class='ocrx_word' id='word_1_196' title='bbox 718 3864 765 3925; x_wconf 87' lang='lat' dir='ltr'><strong>XI,</strong></span> <span class='ocrx_word' id='word_1_197' title='bbox 777 3864 817 3923; x_wconf 83' lang='grc' dir='ltr'><strong>ΙΙ,</strong></span> <span class='ocrx_word' id='word_1_198' title='bbox 832 3864 857 3923; x_wconf 87' lang='lat' dir='ltr'><strong>i;</strong></span> <span class='ocrx_word' id='word_1_199' title='bbox 873 3863 919 3926; x_wconf 91' lang='lat' dir='ltr'><strong>XI,</strong></span> <span class='ocrx_word' id='word_1_200' title='bbox 936 3864 974 3924; x_wconf 88' lang='grc'><strong>73,</strong></span> <span class='ocrx_word' id='word_1_201' title='bbox 989 3866 1006 3915; x_wconf 93' lang='lat' dir='ltr'><strong>l.</strong></span> <span class='ocrx_word' id='word_1_202' title='bbox 1022 3879 1069 3913; x_wconf 92' lang='lat' dir='ltr'><strong>un.</strong></span> <span class='ocrx_word' id='word_1_203' title='bbox 1084 3878 1090 3925; x_wconf 88' lang='lat'>;</span> <span class='ocrx_word' id='word_1_204' title='bbox 1107 3865 1168 3924; x_wconf 91' lang='lat' dir='ltr'>VII,</span> <span class='ocrx_word' id='word_1_205' title='bbox 1183 3866 1219 3927; x_wconf 84' lang='lat'><strong>13,</strong></span> <span class='ocrx_word' id='word_1_206' title='bbox 1234 3864 1257 3914; x_wconf 72' lang='lat'><strong>2.</strong></span> <span class='ocrx_word' id='word_1_207' title='bbox 1269 3864 1340 3915; x_wconf 93' lang='lat' dir='ltr'><strong>Nov.</strong></span> 
     </span>
     <span class='ocr_line' id='line_1_28' title="bbox 278 3950 780 4024; baseline 0.002 -25"><span class='ocrx_word' id='word_1_208' title='bbox 278 3950 416 4011; x_wconf 67' lang='lat' dir='ltr'><strong>Martian„</strong></span> <span class='ocrx_word' id='word_1_209' title='bbox 431 3951 455 4014; x_wconf 76' lang='grc'><strong>3,</strong></span> <span class='ocrx_word' id='word_1_210' title='bbox 471 3952 482 4013; x_wconf 69' lang='grc' dir='ltr'>ξ</span> <span class='ocrx_word' id='word_1_211' title='bbox 501 3950 522 3999; x_wconf 88' lang='lat' dir='ltr'><strong>i.</strong></span> <span class='ocrx_word' id='word_1_212' title='bbox 774 4015 780 4024; x_wconf 28' lang='lat'>¹</span> 
     </span>
    </p>

    <p class='ocr_par' dir='ltr' id='par_1_8' title="bbox 277 4040 1341 4189">
     <span class='ocr_line' id='line_1_29' title="bbox 309 4040 1341 4109; baseline 0.006 -19"><span class='ocrx_word' id='word_1_213' title='bbox 309 4040 341 4104; x_wconf 83' lang='lat'><strong>(4)</strong></span> <span class='ocrx_word' id='word_1_214' title='bbox 356 4040 386 4090; x_wconf 85' lang='lat' dir='ltr'><strong>C.</strong></span> <span class='ocrx_word' id='word_1_215' title='bbox 403 4040 462 4100; x_wconf 71' lang='lat' dir='ltr'><strong>Tu„</strong></span> <span class='ocrx_word' id='word_1_216' title='bbox 478 4040 525 4101; x_wconf 87' lang='lat' dir='ltr'><strong>XI,</strong></span> <span class='ocrx_word' id='word_1_217' title='bbox 539 4041 578 4100; x_wconf 74' lang='lat'><strong>28,</strong></span> <span class='ocrx_word' id='word_1_218' title='bbox 595 4042 616 4092; x_wconf 89' lang='lat'><strong>9.</strong></span> <span class='ocrx_word' id='word_1_219' title='bbox 631 4041 662 4094; x_wconf 81' lang='lat' dir='ltr'><strong>G.</strong></span> <span class='ocrx_word' id='word_1_220' title='bbox 678 4042 756 4105; x_wconf 79' lang='lat' dir='ltr'><strong>lust,</strong></span> <span class='ocrx_word' id='word_1_221' title='bbox 773 4042 822 4102; x_wconf 87' lang='lat'>111,</span> <span class='ocrx_word' id='word_1_222' title='bbox 837 4042 877 4102; x_wconf 75' lang='grc'><strong>36,</strong></span> <span class='ocrx_word' id='word_1_223' title='bbox 891 4042 905 4092; x_wconf 76' lang='grc'><strong>3</strong></span> <span class='ocrx_word' id='word_1_224' title='bbox 919 4047 946 4093; x_wconf 87' lang='lat' dir='ltr'><strong>et</strong></span> <span class='ocrx_word' id='word_1_225' title='bbox 963 4044 1004 4104; x_wconf 86' lang='lat' dir='ltr'><strong>tr;</strong></span> <span class='ocrx_word' id='word_1_226' title='bbox 1019 4044 1080 4107; x_wconf 94' lang='lat' dir='ltr'>VII,</span> <span class='ocrx_word' id='word_1_227' title='bbox 1097 4046 1135 4109; x_wconf 82' lang='lat'><strong>38,</strong></span> <span class='ocrx_word' id='word_1_228' title='bbox 1150 4046 1177 4107; x_wconf 83' lang='lat'><strong>3;</strong></span> <span class='ocrx_word' id='word_1_229' title='bbox 1193 4045 1239 4108; x_wconf 89' lang='lat' dir='ltr'><strong>IX,</strong></span> <span class='ocrx_word' id='word_1_230' title='bbox 1255 4045 1294 4108; x_wconf 74' lang='lat'><strong>27,</strong></span> <span class='ocrx_word' id='word_1_231' title='bbox 1313 4047 1327 4096; x_wconf 86' lang='lat'>5</span> <span class='ocrx_word' id='word_1_232' title='bbox 1334 4059 1341 4106; x_wconf 88' lang='lat'>;</span> 
     </span>
     <span class='ocr_line' id='line_1_30' title="bbox 277 4129 435 4189; baseline -0.006 -10"><span class='ocrx_word' id='word_1_233' title='bbox 277 4129 341 4189; x_wconf 86' lang='lat' dir='ltr'>VII,</span> <span class='ocrx_word' id='word_1_234' title='bbox 357 4129 396 4189; x_wconf 84' lang='lat'><strong>37,</strong></span> <span class='ocrx_word' id='word_1_235' title='bbox 413 4130 435 4178; x_wconf 90' lang='lat'><strong>3.</strong></span> 
     </span>
    </p>

    <p class='ocr_par' dir='ltr' id='par_1_9' title="bbox 311 4216 658 4281">
     <span class='ocr_line' id='line_1_31' title="bbox 311 4216 658 4281; baseline 0.003 -13"><span class='ocrx_word' id='word_1_236' title='bbox 311 4217 344 4281; x_wconf 84' lang='lat'><strong>(5)</strong></span> <span class='ocrx_word' id='word_1_237' title='bbox 359 4216 389 4270; x_wconf 86' lang='lat' dir='ltr'><strong>G.</strong></span> <span class='ocrx_word' id='word_1_238' title='bbox 407 4218 485 4278; x_wconf 78' lang='lat' dir='ltr'><strong>lust,</strong></span> <span class='ocrx_word' id='word_1_239' title='bbox 501 4217 562 4277; x_wconf 91' lang='lat' dir='ltr'>VII,</span> <span class='ocrx_word' id='word_1_240' title='bbox 579 4218 618 4279; x_wconf 84' lang='lat'><strong>37,</strong></span> <span class='ocrx_word' id='word_1_241' title='bbox 635 4219 658 4269; x_wconf 90' lang='lat'><strong>3.</strong></span> 
     </span>
    </p>

    <p class='ocr_par' dir='ltr' id='par_1_10' title="bbox 311 4308 950 4375">
     <span class='ocr_line' id='line_1_32' title="bbox 311 4308 950 4375; baseline 0.006 -17"><span class='ocrx_word' id='word_1_242' title='bbox 311 4308 345 4373; x_wconf 90' lang='grc'><strong>(6)</strong></span> <span class='ocrx_word' id='word_1_243' title='bbox 360 4309 445 4359; x_wconf 88' lang='lat' dir='ltr'><strong>Notit.</strong></span> <span class='ocrx_word' id='word_1_244' title='bbox 463 4308 520 4371; x_wconf 66' lang='lat' dir='ltr'><strong>Or„</strong></span> <span class='ocrx_word' id='word_1_245' title='bbox 537 4323 560 4360; x_wconf 86' lang='lat' dir='ltr'><strong>a.</strong></span> <span class='ocrx_word' id='word_1_246' title='bbox 579 4308 615 4359; x_wconf 88' lang='lat' dir='ltr'><strong>to.</strong></span> <span class='ocrx_word' id='word_1_247' title='bbox 632 4308 673 4361; x_wconf 81' lang='lat' dir='ltr'><strong>Cf.</strong></span> <span class='ocrx_word' id='word_1_248' title='bbox 691 4308 721 4359; x_wconf 85' lang='lat' dir='ltr'><strong>G.</strong></span> <span class='ocrx_word' id='word_1_249' title='bbox 735 4310 796 4370; x_wconf 66' lang='lat' dir='ltr'><strong>Th„</strong></span> <span class='ocrx_word' id='word_1_250' title='bbox 813 4310 860 4373; x_wconf 88' lang='lat' dir='ltr'><strong>vt,</strong></span> <span class='ocrx_word' id='word_1_251' title='bbox 875 4311 913 4375; x_wconf 84' lang='lat'><strong>30,</strong></span> <span class='ocrx_word' id='word_1_252' title='bbox 928 4312 950 4361; x_wconf 75' lang='lat'><strong>2.</strong></span> 
     </span>
    </p>

    <p class='ocr_par' dir='ltr' id='par_1_11' title="bbox 312 4396 892 4465">
     <span class='ocr_line' id='line_1_33' title="bbox 312 4396 892 4465; baseline 0.01 -18"><span class='ocrx_word' id='word_1_253' title='bbox 312 4396 345 4462; x_wconf 82' lang='lat'><strong>(7)</strong></span> <span class='ocrx_word' id='word_1_254' title='bbox 362 4396 584 4463; x_wconf 82' lang='lat' dir='ltr'><strong>G.Th.‚v1‚3o‚</strong></span> <span class='ocrx_word' id='word_1_255' title='bbox 601 4398 624 4449; x_wconf 77' lang='lat'><strong>2.</strong></span> <span class='ocrx_word' id='word_1_256' title='bbox 641 4399 711 4453; x_wconf 89' lang='lat' dir='ltr'><strong>Nov.</strong></span> <span class='ocrx_word' id='word_1_257' title='bbox 729 4400 837 4465; x_wconf 71' lang='lat' dir='ltr'><strong>Iustin„</strong></span> <span class='ocrx_word' id='word_1_258' title='bbox 852 4402 892 4453; x_wconf 82' lang='lat'><strong>30.</strong></span> 
     </span>
    </p>
   </div>
   <div class='ocr_carea' id='block_1_4' title="bbox 0 0 1739 5234">
    <p class='ocr_par' dir='ltr' id='par_1_12' title="bbox 0 0 1739 5234">
     <span class='ocr_line' id='line_1_34' title="bbox 0 0 1739 5234; baseline 0 0"><span class='ocrx_word' id='word_1_259' title='bbox 0 0 1739 5234; x_wconf 95' lang='lat' dir='ltr'><strong> </strong></span> 
     </span>
    </p>
   </div>
  </div>
 </body>
</html>
