3450 5234
687 585 888 646 ·-25-

276 744 318 799 ea
340 731 457 797 mente
478 730 516 797 ut
536 723 687 814 imperio
707 722 833 794 ambos
859 722 1067 795 destinaret.
1096 723 1248 793 Senatus
1273 739 1338 792 au·
1369 800 1371 803 ¹

276 857 369 931 tem,
406 850 554 940 expulso
588 849 698 921 attero
734 847 925 930 coherede,
962 845 1057 915 ‹u'us
1082 844 1342 938 arbitriumque

275 972 435 1044 omuium
458 994 622 1042 rerum»
653 973 739 1045 Gaio
764 972 943 1045 commisit
966 969 1033 1066 (t);
1059 952 1126 1044 nec
1143 971 1245 1043 facile
1264 988 1340 1042 cre·

276 1098 403 1172 demus
423 1099 515 1170 inter
535 1103 728 1189 utrumque
748 1097 881 1169 divisas
899 1115 977 1170 esse
997 1095 1073 1168 fisci
1094 1095 1277 1188 pecunias.

325 1224 457 1298 Eodem
492 1223 617 1309 modo,
653 1243 764 1316 quum
798 1224 908 1295 Gaius
950 1224 1143 1295 Drusillam
1184 1239 1340 1294 sororem

284 1345 491 1420 «heredem
519 1346 690 1418 bonorum
724 1352 828 1438 utque
853 1344 1001 1441 imperii
1028 1342 1075 1438 (2)
1104 1372 1120 1410 ›
1154 1345 1342 1417 instituere

276 1471 404 1554 vellet,
426 1471 512 1562 quid
535 1473 634 1544 aliud
653 1489 759 1563 quam
786 1471 958 1562 pecuniae
983 1469 1115 1542 fiscalis
1144 1469 1341 1560 possessio-

277 1614 359 1668 nem
381 1615 460 1668 cum
476 1598 573 1688 regni
591 1595 821 1688 possessione
841 1597 1029 1667 cohaerere
1044 1594 1248 1666 tatebaturi
1265 1593 1341 1664 Fis-

277 1720 370 1794 caies
390 1721 497 1813 igitur
516 1721 686 1812 pecunias
715 1740 786 1793 non
816 1720 981 1797 cuilibet,
1008 1738 1050 1791 ex
1070 1718 1218 1790 arbitrio
1237 1719 1337 1809 prin·

277 1843 380 1936 cipis,
403 1851 442 1916 ut
461 1846 718 1936 patrimonium
736 1845 827 1916 tradi
845 1845 1005 1935 potuisse
1024 1843 1251 1916 manifestum
1271 1849 1338 1923 est,

277 1969 341 2042 sed
360 1971 393 2041 ei
414 1977 550 2043 tantum
571 1971 633 2062 qui
653 1970 803 2062 imperio
821 1969 1009 2062 potiretur.
1030 1969 1098 2041 nbi
1120 1986 1201 2041 vero
1225 1968 1338 2057 impe·

279 2095 391 2178 rium,
414 2094 473 2166 aiii
495 2095 592 2166 bona
610 2095 744 2167 fiscalia
766 2095 937 2187 obtigisse
962 2094 1062 2166 nulio
1091 2091 1342 2183 comprobatur

277 2221 453 2310 exemplo.
472 2221 546 2292 imo
563 2239 669 2312 saepe
686 2220 813 2293 iactum
833 2239 913 2294 esse
933 2219 1088 2293 vidimus
1103 2225 1142 2290 ut
1161 2217 1341 2309 principes

277 2344 533 2436 patrimonium
553 2344 728 2436 privatum
763 2345 800 2416 in
832 2344 965 2417 liberos
998 2343 1060 2434 qui
1090 2342 1238 2433 imperio
1268 2359 1341 2412 ncn

278 2468 555 2550 destinarentur,
585 2469 803 2553 conterrent,
831 2469 993 2561 quasise
1019 2489 1040 2540 a
1067 2466 1342 2540 transmittenda

277 2595 428 2685 pecunia
447 2593 583 2678 fiscali,
607 2596 638 2667 si
658 2614 730 2666 non
753 2595 829 2686 tege
846 2603 958 2678 certa,
987 2591 1246 2666 consuetudine
1273 2590 1342 2663 sal·

277 2723 368 2799 tem,
390 2716 591 2808 prohibitos
621 2717 733 2790 tuisse
762 2718 969 2790 iaterentur.
994 2720 1067 2790 Hoc
1085 2717 1190 2789 etiam
1211 2733 1339 2806 prepa-

277 2840 347 2910 tam
369 2840 533 2913 Pertinax
557 2839 795 2915 declaraverat
813 2842 894 2933 qui,
915 2861 960 2914 ne
979 2842 1094 2933 ipsius
1112 2858 1243 2913 nomen
1264 2839 1342 2911 fisci

277 2965 570 3056 possessionibus
593 2966 859 3046 inscriberetur,
887 2973 1064 3049 vetuerat,
1086 2984 1147 3038 eas
1170 2983 1343 3038 essenon

277 3090 450 3182 principis
471 3089 535 3162 sed
557 3092 795 3162 Romanorum
817 3109 1025 3163 asseverans
1046 3087 1114 3184 (5).

328 3216 585 3287 Patrimonium
614 3217 722 3308 igitur
744 3236 765 3287 a
793 3216 893 3300 fiseo,
916 3216 1013 3306 quod
1034 3216 1080 3289 ad
1110 3217 1167 3287 ius
1192 3217 1340 3296 attinet,

277 3339 420 3412 differre
436 3348 589 3423 constat,
608 3342 772 3432 quamvis
788 3339 832 3414 de
847 3348 999 3431 utroque
1019 3341 1118 3413 vivus
1133 3359 1247 3431 aequa
1262 3359 1341 3412 cum

279 3464 442 3539 libertate
462 3467 630 3558 princeps
650 3467 783 3540 iubeat.

328 3589 414 3663 Inde
434 3608 530 3675 vero,
554 3592 585 3663 si
607 3610 648 3664 ex
671 3591 748 3665 iure
768 3592 813 3663 ad
833 3592 923 3665 tacta
946 3593 1215 3676 transierimus,
1238 3591 1344 3684 patri-

279 3716 438 3787 monium
471 3716 563 3790 iilud
594 3717 706 3810 magis
735 3725 769 3790 et
798 3718 910 3810 magis
936 3736 978 3789 ex
999 3720 1135 3810 privato
1160 3718 1343 3811 publicum

308 4011 340 4076 (t)
359 4012 486 4075 Sueten„
504 4018 574 4074 Gai„
593 4014 639 4064 tt:
657 4031 669 4062 «
686 4030 828 4066 concensu
844 4023 1001 4068 senatus...
1018 4021 1106 4068 inrita
1124 4020 1226 4067 Tiberii
1240 4021 1342 4066 vetun-

281 4106 333 4151 tate
352 4104 403 4163 qut
424 4107 590 4152 testamento
608 4108 729 4155 atterum
749 4113 879 4167 nepotem
897 4121 1013 4161 suum...
1034 4110 1198 4157 coheredem
1216 4109 1241 4156 ei
1256 4103 1343 4169 (Gaio)

280 4192 403 4253 dederat,
420 4194 466 4240 ius
483 4193 691 4254 arbitriumque
707 4196 953 4264 omnium-rerum
970 4199 1013 4246 itti
1024 4199 1200 4257 permissum
1216 4200 1265 4248 est,
1282 4212 1294 4243 r

310 4277 342 4342 (2)
363 4278 489 4340 Sueton„
506 4283 574 4339 Gai,
591 4295 614 4331 c.
630 4279 669 4332 tt.

310 4367 343 4433 (3)
358 4367 518 4433 Herodian„
535 4369 574 4431 ΙΙ,
588 4370 615 4430 t,
631 4371 654 4423 7.
