<?xml version="1.0" encoding="UTF-8"?>
<!DOCTYPE html PUBLIC "-//W3C//DTD XHTML 1.0 Transitional//EN"
    "http://www.w3.org/TR/xhtml1/DTD/xhtml1-transitional.dtd">
<html xmlns="http://www.w3.org/1999/xhtml" xml:lang="en" lang="en">
 <head>
  <title>
</title>
<meta http-equiv="Content-Type" content="text/html;charset=utf-8" />
  <meta name='ocr-system' content='tesseract 3.04.00' />
  <meta name='ocr-capabilities' content='ocr_page ocr_carea ocr_par ocr_line ocrx_word'/>
</head>
<body>
  <div class='ocr_page' id='page_1' title='image "./deagrispublicis00lcgoog_0032.png"; bbox 0 0 3450 5234; ppageno 0'>
   <div class='ocr_carea' id='block_1_1' title="bbox 874 588 1033 650">
    <p class='ocr_par' dir='ltr' id='par_1_1' title="bbox 874 588 1033 650">
     <span class='ocr_line' id='line_1_1' title="bbox 874 588 1033 650; baseline 0.013 -18"><span class='ocrx_word' id='word_1_1' title='bbox 874 588 1033 650; x_wconf 77' lang='lat'>..23-</span> 
     </span>
    </p>
   </div>
   <div class='ocr_carea' id='block_1_2' title="bbox 305 723 1487 2444">
    <p class='ocr_par' dir='ltr' id='par_1_2' title="bbox 305 723 1487 1693">
     <span class='ocr_line' id='line_1_2' title="bbox 422 723 1484 818; baseline -0.001 -22"><span class='ocrx_word' id='word_1_2' title='bbox 422 725 524 798; x_wconf 90' lang='lat' dir='ltr'>multi</span> <span class='ocrx_word' id='word_1_3' title='bbox 543 724 679 799; x_wconf 90' lang='lat' dir='ltr'>reditus</span> <span class='ocrx_word' id='word_1_4' title='bbox 700 725 762 818; x_wconf 89' lang='lat' dir='ltr'>qui</span> <span class='ocrx_word' id='word_1_5' title='bbox 782 731 887 797; x_wconf 90' lang='lat' dir='ltr'>antea</span> <span class='ocrx_word' id='word_1_6' title='bbox 905 723 1120 816; x_wconf 90' lang='lat' dir='ltr'>patrimonio</span> <span class='ocrx_word' id='word_1_7' title='bbox 1140 724 1341 817; x_wconf 78' lang='lat' dir='ltr'>obtigerant</span> <span class='ocrx_word' id='word_1_8' title='bbox 1362 749 1371 796; x_wconf 79' lang='lat' dir='ltr'>t</span> <span class='ocrx_word' id='word_1_9' title='bbox 1392 725 1484 797; x_wconf 92' lang='lat' dir='ltr'>inter</span> 
     </span>
     <span class='ocr_line' id='line_1_3' title="bbox 422 849 1482 952; baseline -0.001 -31"><span class='ocrx_word' id='word_1_10' title='bbox 422 868 512 942; x_wconf 86' lang='lat' dir='ltr'>quos</span> <span class='ocrx_word' id='word_1_11' title='bbox 546 850 760 926; x_wconf 71' lang='lat' dir='ltr'>hereditates</span> <span class='ocrx_word' id='word_1_12' title='bbox 795 849 1019 942; x_wconf 92' lang='lat' dir='ltr'>principibus</span> <span class='ocrx_word' id='word_1_13' title='bbox 1054 849 1223 952; x_wconf 78' lang='lat' dir='ltr'>relictae,</span> <span class='ocrx_word' id='word_1_14' title='bbox 1250 868 1362 940; x_wconf 86' lang='lat' dir='ltr'>quae,</span> <span class='ocrx_word' id='word_1_15' title='bbox 1397 849 1482 921; x_wconf 88' lang='lat' dir='ltr'>dum</span> 
     </span>
     <span class='ocr_line' id='line_1_4' title="bbox 305 955 1479 1071; baseline 0.003 -29"><span class='ocrx_word' id='word_1_16' title='bbox 305 1035 308 1042; x_wconf 78' lang='grc'>,</span> <span class='ocrx_word' id='word_1_17' title='bbox 420 977 516 1049; x_wconf 87' lang='lat' dir='ltr'>bona</span> <span class='ocrx_word' id='word_1_18' title='bbox 546 976 678 1050; x_wconf 77' lang='lat' dir='ltr'>caduca</span> <span class='ocrx_word' id='word_1_19' title='bbox 711 974 1005 1071; x_wconf 80' lang='lat' dir='ltr'>procuratoribus</span> <span class='ocrx_word' id='word_1_20' title='bbox 1045 955 1294 1045; x_wconf 75' lang='lat' dir='ltr'>hereditatium</span> <span class='ocrx_word' id='word_1_21' title='bbox 1326 973 1404 1064; x_wconf 75' lang='lat' dir='ltr'>fisci</span> <span class='ocrx_word' id='word_1_22' title='bbox 1432 972 1479 1068; x_wconf 92' lang='grc'>(1)</span> 
     </span>
     <span class='ocr_line' id='line_1_5' title="bbox 420 1098 1487 1194; baseline -0.006 -22"><span class='ocrx_word' id='word_1_23' title='bbox 420 1101 712 1185; x_wconf 77' lang='lat' dir='ltr'>attribuerentur,</span> <span class='ocrx_word' id='word_1_24' title='bbox 734 1121 797 1194; x_wconf 90' lang='lat' dir='ltr'>per</span> <span class='ocrx_word' id='word_1_25' title='bbox 816 1100 965 1192; x_wconf 83' lang='lat' dir='ltr'>aliquod</span> <span class='ocrx_word' id='word_1_26' title='bbox 984 1107 1126 1192; x_wconf 91' lang='lat' dir='ltr'>tempus</span> <span class='ocrx_word' id='word_1_27' title='bbox 1143 1119 1234 1172; x_wconf 88' lang='lat' dir='ltr'>novo</span> <span class='ocrx_word' id='word_1_28' title='bbox 1251 1098 1487 1194; x_wconf 79' lang='lat' dir='ltr'>procuratori</span> 
     </span>
     <span class='ocr_line' id='line_1_6' title="bbox 419 1222 1480 1319; baseline -0.001 -24"><span class='ocrx_word' id='word_1_29' title='bbox 419 1225 667 1297; x_wconf 78' lang='lat' dir='ltr'>hereditatium</span> <span class='ocrx_word' id='word_1_30' title='bbox 687 1224 904 1319; x_wconf 78' lang='lat' dir='ltr'>patrimonii</span> <span class='ocrx_word' id='word_1_31' title='bbox 923 1223 1065 1318; x_wconf 81' lang='lat' dir='ltr'>privati</span> <span class='ocrx_word' id='word_1_32' title='bbox 1081 1222 1153 1318; x_wconf 74' lang='lat'>(2),</span> <span class='ocrx_word' id='word_1_33' title='bbox 1183 1224 1314 1297; x_wconf 82' lang='lat' dir='ltr'>deinde</span> <span class='ocrx_word' id='word_1_34' title='bbox 1343 1230 1480 1308; x_wconf 84' lang='lat' dir='ltr'>autem,</span> 
     </span>
     <span class='ocr_line' id='line_1_7' title="bbox 421 1349 1483 1442; baseline -0.004 -19"><span class='ocrx_word' id='word_1_35' title='bbox 421 1357 460 1423; x_wconf 94' lang='lat' dir='ltr'>ut</span> <span class='ocrx_word' id='word_1_36' title='bbox 479 1351 670 1423; x_wconf 89' lang='lat' dir='ltr'>verisimile</span> <span class='ocrx_word' id='word_1_37' title='bbox 689 1359 761 1434; x_wconf 90' lang='lat' dir='ltr'>ast,</span> <span class='ocrx_word' id='word_1_38' title='bbox 796 1349 1015 1442; x_wconf 91' lang='lat' dir='ltr'>procuratori</span> <span class='ocrx_word' id='word_1_39' title='bbox 1045 1349 1194 1422; x_wconf 92' lang='lat' dir='ltr'>rationis</span> <span class='ocrx_word' id='word_1_40' title='bbox 1213 1349 1370 1440; x_wconf 85' lang='lat' dir='ltr'>privatae</span> <span class='ocrx_word' id='word_1_41' title='bbox 1389 1367 1483 1420; x_wconf 90' lang='lat' dir='ltr'>com·</span> 
     </span>
     <span class='ocr_line' id='line_1_8' title="bbox 420 1473 1483 1565; baseline -0.004 -17"><span class='ocrx_word' id='word_1_42' title='bbox 420 1476 551 1548; x_wconf 90' lang='lat' dir='ltr'>missae</span> <span class='ocrx_word' id='word_1_43' title='bbox 570 1484 668 1548; x_wconf 90' lang='lat' dir='ltr'>sunt.</span> <span class='ocrx_word' id='word_1_44' title='bbox 695 1476 781 1548; x_wconf 82' lang='lat' dir='ltr'>lnce</span> <span class='ocrx_word' id='word_1_45' title='bbox 804 1475 844 1547; x_wconf 84' lang='lat' dir='ltr'>ut</span> <span class='ocrx_word' id='word_1_46' title='bbox 871 1484 910 1546; x_wconf 92' lang='lat' dir='ltr'>ut</span> <span class='ocrx_word' id='word_1_47' title='bbox 937 1482 1018 1565; x_wconf 92' lang='lat' dir='ltr'>post</span> <span class='ocrx_word' id='word_1_48' title='bbox 1037 1474 1253 1546; x_wconf 80' lang='lat' dir='ltr'>caracallam</span> <span class='ocrx_word' id='word_1_49' title='bbox 1276 1473 1398 1545; x_wconf 93' lang='lat' dir='ltr'>nullus</span> <span class='ocrx_word' id='word_1_50' title='bbox 1419 1475 1483 1544; x_wconf 81' lang='lat' dir='ltr'>llo·</span> 
     </span>
     <span class='ocr_line' id='line_1_9' title="bbox 421 1593 1480 1693; baseline -0.002 -21"><span class='ocrx_word' id='word_1_51' title='bbox 421 1619 498 1673; x_wconf 92' lang='lat' dir='ltr'>mae</span> <span class='ocrx_word' id='word_1_52' title='bbox 517 1608 577 1673; x_wconf 89' lang='lat' dir='ltr'>aut</span> <span class='ocrx_word' id='word_1_53' title='bbox 593 1603 631 1674; x_wconf 91' lang='lat' dir='ltr'>in</span> <span class='ocrx_word' id='word_1_54' title='bbox 647 1601 748 1673; x_wconf 92' lang='lat' dir='ltr'>ltalia</span> <span class='ocrx_word' id='word_1_55' title='bbox 763 1607 970 1693; x_wconf 89' lang='lat' dir='ltr'>procurator</span> <span class='ocrx_word' id='word_1_56' title='bbox 987 1598 1193 1690; x_wconf 83' lang='lat' dir='ltr'>patrimonii</span> <span class='ocrx_word' id='word_1_57' title='bbox 1210 1607 1379 1690; x_wconf 83' lang='lat' dir='ltr'>appareat</span> <span class='ocrx_word' id='word_1_58' title='bbox 1393 1593 1445 1692; x_wconf 73' lang='grc' dir='ltr'>(ὅ)</span> <span class='ocrx_word' id='word_1_59' title='bbox 1470 1622 1480 1670; x_wconf 92' lang='lat'>:</span> 
     </span>
    </p>

    <p class='ocr_par' dir='ltr' id='par_1_3' title="bbox 329 1723 1483 2444">
     <span class='ocr_line' id='line_1_10' title="bbox 419 1723 1328 1817; baseline -0.01 -18"><span class='ocrx_word' id='word_1_60' title='bbox 419 1727 522 1799; x_wconf 90' lang='lat' dir='ltr'>multi</span> <span class='ocrx_word' id='word_1_61' title='bbox 542 1735 662 1800; x_wconf 91' lang='lat' dir='ltr'>tamen</span> <span class='ocrx_word' id='word_1_62' title='bbox 681 1726 799 1800; x_wconf 89' lang='lat' dir='ltr'>adbuc</span> <span class='ocrx_word' id='word_1_63' title='bbox 817 1727 855 1797; x_wconf 93' lang='lat' dir='ltr'>iu</span> <span class='ocrx_word' id='word_1_64' title='bbox 875 1723 1068 1817; x_wconf 85' lang='lat' dir='ltr'>provinciis</span> <span class='ocrx_word' id='word_1_65' title='bbox 1087 1723 1328 1816; x_wconf 90' lang='lat' dir='ltr'>reperiuntur.</span> 
     </span>
     <span class='ocr_line' id='line_1_11' title="bbox 468 1847 1482 1948; baseline -0.005 -24"><span class='ocrx_word' id='word_1_66' title='bbox 468 1853 648 1924; x_wconf 90' lang='lat' dir='ltr'>Nonnulla</span> <span class='ocrx_word' id='word_1_67' title='bbox 662 1853 773 1948; x_wconf 39' lang='lat' dir='ltr'>,etiam</span> <span class='ocrx_word' id='word_1_68' title='bbox 788 1851 934 1944; x_wconf 87' lang='lat' dir='ltr'>praedia</span> <span class='ocrx_word' id='word_1_69' title='bbox 949 1869 991 1923; x_wconf 83' lang='lat' dir='ltr'>ex</span> <span class='ocrx_word' id='word_1_70' title='bbox 1008 1849 1222 1941; x_wconf 92' lang='lat' dir='ltr'>patrimonio</span> <span class='ocrx_word' id='word_1_71' title='bbox 1242 1849 1288 1921; x_wconf 90' lang='lat' dir='ltr'>ad</span> <span class='ocrx_word' id='word_1_72' title='bbox 1306 1847 1482 1921; x_wconf 91' lang='lat' dir='ltr'>rationem</span> 
     </span>
     <span class='ocr_line' id='line_1_12' title="bbox 419 1973 1481 2069; baseline -0.005 -20"><span class='ocrx_word' id='word_1_73' title='bbox 419 1977 591 2069; x_wconf 85' lang='lat' dir='ltr'>privatam</span> <span class='ocrx_word' id='word_1_74' title='bbox 609 1976 797 2051; x_wconf 89' lang='lat' dir='ltr'>transiisse</span> <span class='ocrx_word' id='word_1_75' title='bbox 816 1982 950 2049; x_wconf 90' lang='lat' dir='ltr'>certum</span> <span class='ocrx_word' id='word_1_76' title='bbox 978 1981 1051 2057; x_wconf 93' lang='lat' dir='ltr'>est,</span> <span class='ocrx_word' id='word_1_77' title='bbox 1081 1981 1120 2046; x_wconf 91' lang='lat' dir='ltr'>ut</span> <span class='ocrx_word' id='word_1_78' title='bbox 1140 1973 1378 2046; x_wconf 89' lang='lat' dir='ltr'>Sallustianos</span> <span class='ocrx_word' id='word_1_79' title='bbox 1399 1973 1481 2045; x_wconf 90' lang='lat' dir='ltr'>bor·</span> 
     </span>
     <span class='ocr_line' id='line_1_13' title="bbox 418 2096 1479 2200; baseline -0.002 -27"><span class='ocrx_word' id='word_1_80' title='bbox 418 2108 494 2182; x_wconf 88' lang='lat' dir='ltr'>tos,</span> <span class='ocrx_word' id='word_1_81' title='bbox 516 2100 666 2174; x_wconf 85' lang='lat' dir='ltr'>tondum</span> <span class='ocrx_word' id='word_1_82' title='bbox 687 2100 864 2173; x_wconf 78' lang='lat' dir='ltr'>Albanum</span> <span class='ocrx_word' id='word_1_83' title='bbox 887 2098 956 2194; x_wconf 80' lang='lat' dir='ltr'>(l),</span> <span class='ocrx_word' id='word_1_84' title='bbox 986 2101 1189 2200; x_wconf 85' lang='lat' dir='ltr'>hortosque</span> <span class='ocrx_word' id='word_1_85' title='bbox 1206 2100 1395 2171; x_wconf 91' lang='lat' dir='ltr'>Lamianos</span> <span class='ocrx_word' id='word_1_86' title='bbox 1419 2096 1479 2193; x_wconf 79' lang='lat' dir='ltr'>(a).</span> 
     </span>
     <span class='ocr_line' id='line_1_14' title="bbox 329 2223 1481 2326; baseline -0.003 -28"><span class='ocrx_word' id='word_1_87' title='bbox 329 2317 333 2326; x_wconf 33' lang='grc' dir='ltr'>Ι</span> <span class='ocrx_word' id='word_1_88' title='bbox 467 2229 564 2298; x_wconf 92' lang='lat' dir='ltr'>Bona</span> <span class='ocrx_word' id='word_1_89' title='bbox 584 2233 702 2300; x_wconf 87' lang='lat' dir='ltr'>autem</span> <span class='ocrx_word' id='word_1_90' title='bbox 722 2225 974 2298; x_wconf 87' lang='lat' dir='ltr'>damnatorum</span> <span class='ocrx_word' id='word_1_91' title='bbox 994 2225 1031 2295; x_wconf 91' lang='lat' dir='ltr'>in</span> <span class='ocrx_word' id='word_1_92' title='bbox 1055 2223 1232 2316; x_wconf 88' lang='lat' dir='ltr'>principio</span> <span class='ocrx_word' id='word_1_93' title='bbox 1250 2225 1345 2297; x_wconf 93' lang='lat' dir='ltr'>tertii</span> <span class='ocrx_word' id='word_1_94' title='bbox 1371 2224 1481 2296; x_wconf 91' lang='lat' dir='ltr'>seculi</span> 
     </span>
     <span class='ocr_line' id='line_1_15' title="bbox 418 2345 1483 2444; baseline -0.002 -21"><span class='ocrx_word' id='word_1_95' title='bbox 418 2352 464 2424; x_wconf 90' lang='lat' dir='ltr'>ad</span> <span class='ocrx_word' id='word_1_96' title='bbox 483 2359 729 2444; x_wconf 91' lang='lat' dir='ltr'>procuratores</span> <span class='ocrx_word' id='word_1_97' title='bbox 741 2370 851 2423; x_wconf 85' lang='lat' dir='ltr'>novos</span> <span class='ocrx_word' id='word_1_98' title='bbox 868 2349 1059 2423; x_wconf 88' lang='lat' dir='ltr'>commissa</span> <span class='ocrx_word' id='word_1_99' title='bbox 1071 2368 1151 2422; x_wconf 91' lang='lat' dir='ltr'>esse</span> <span class='ocrx_word' id='word_1_100' title='bbox 1162 2345 1406 2443; x_wconf 88' lang='lat' dir='ltr'>videntur(6)‚</span> <span class='ocrx_word' id='word_1_101' title='bbox 1419 2349 1483 2440; x_wconf 86' lang='lat' dir='ltr'>qui</span> 
     </span>
    </p>
   </div>
   <div class='ocr_carea' id='block_1_3' title="bbox 418 2581 1511 4422">
    <p class='ocr_par' dir='ltr' id='par_1_4' title="bbox 420 2581 1482 2722">
     <span class='ocr_line' id='line_1_16' title="bbox 450 2581 1482 2646; baseline -0.003 -14"><span class='ocrx_word' id='word_1_102' title='bbox 450 2583 482 2646; x_wconf 92' lang='grc'>(1)</span> <span class='ocrx_word' id='word_1_103' title='bbox 500 2582 530 2634; x_wconf 88' lang='lat' dir='ltr'>G.</span> <span class='ocrx_word' id='word_1_104' title='bbox 547 2584 625 2642; x_wconf 82' lang='lat' dir='ltr'>lust,</span> <span class='ocrx_word' id='word_1_105' title='bbox 640 2583 702 2643; x_wconf 87' lang='lat' dir='ltr'>Vll,</span> <span class='ocrx_word' id='word_1_106' title='bbox 720 2583 783 2645; x_wconf 74' lang='grc'>51,’1</span> <span class='ocrx_word' id='word_1_107' title='bbox 802 2598 807 2632; x_wconf 94' lang='lat'>:</span> <span class='ocrx_word' id='word_1_108' title='bbox 826 2583 919 2646; x_wconf 82' lang='lat' dir='ltr'>ulmp.</span> <span class='ocrx_word' id='word_1_109' title='bbox 936 2582 1095 2632; x_wconf 82' lang='lat' dir='ltr'>Antoninus</span> <span class='ocrx_word' id='word_1_110' title='bbox 1110 2582 1141 2634; x_wconf 83' lang='lat' dir='ltr'>A.</span> <span class='ocrx_word' id='word_1_111' title='bbox 1160 2581 1387 2646; x_wconf 82' lang='lat' dir='ltr'>procuratoribus</span> <span class='ocrx_word' id='word_1_112' title='bbox 1401 2582 1482 2630; x_wconf 88' lang='lat' dir='ltr'>baro-</span> 
     </span>
     <span class='ocr_line' id='line_1_17' title="bbox 420 2672 658 2722; baseline -0.008 -2"><span class='ocrx_word' id='word_1_113' title='bbox 420 2672 547 2721; x_wconf 87' lang='lat' dir='ltr'>ditatium</span> <span class='ocrx_word' id='word_1_114' title='bbox 560 2673 627 2722; x_wconf 88' lang='lat' dir='ltr'>fisci.</span> <span class='ocrx_word' id='word_1_115' title='bbox 646 2688 658 2718; x_wconf 85' lang='lat' dir='ltr'>u</span> 
     </span>
    </p>

    <p class='ocr_par' dir='ltr' id='par_1_5' title="bbox 418 2759 1482 3004">
     <span class='ocr_line' id='line_1_18' title="bbox 451 2759 1480 2825; baseline -0.003 -15"><span class='ocrx_word' id='word_1_116' title='bbox 451 2759 484 2825; x_wconf 76' lang='grc'>(1)</span> <span class='ocrx_word' id='word_1_117' title='bbox 502 2761 607 2824; x_wconf 85' lang='lat' dir='ltr'>Wilm.,</span> <span class='ocrx_word' id='word_1_118' title='bbox 625 2761 684 2811; x_wconf 74' lang='lat'>1275</span> <span class='ocrx_word' id='word_1_119' title='bbox 700 2780 707 2810; x_wconf 88' lang='grc'>.-</span> <span class='ocrx_word' id='word_1_120' title='bbox 724 2777 735 2806; x_wconf 86' lang='lat' dir='ltr'>u</span> <span class='ocrx_word' id='word_1_121' title='bbox 754 2766 788 2811; x_wconf 83' lang='grc' dir='ltr'>Μ.</span> <span class='ocrx_word' id='word_1_122' title='bbox 805 2763 947 2822; x_wconf 83' lang='lat' dir='ltr'>Aquilio...</span> <span class='ocrx_word' id='word_1_123' title='bbox 964 2760 1020 2824; x_wconf 79' lang='lat' dir='ltr'>a(d)</span> <span class='ocrx_word' id='word_1_124' title='bbox 1035 2763 1238 2822; x_wconf 73' lang='lat' dir='ltr'>censuraque.</span> <span class='ocrx_word' id='word_1_125' title='bbox 1254 2766 1372 2810; x_wconf 81' lang='lat' dir='ltr'>Roman.</span> <span class='ocrx_word' id='word_1_126' title='bbox 1392 2762 1480 2821; x_wconf 73' lang='lat' dir='ltr'>praet.</span> 
     </span>
     <span class='ocr_line' id='line_1_19' title="bbox 421 2842 1482 2913; baseline -0.004 -11"><span class='ocrx_word' id='word_1_127' title='bbox 421 2855 455 2905; x_wconf 87' lang='lat' dir='ltr'>cl.</span> <span class='ocrx_word' id='word_1_128' title='bbox 467 2867 512 2912; x_wconf 83' lang='lat' dir='ltr'>pr.</span> <span class='ocrx_word' id='word_1_129' title='bbox 523 2857 678 2901; x_wconf 71' lang='lat' dir='ltr'>liubenstat.</span> <span class='ocrx_word' id='word_1_130' title='bbox 690 2865 767 2912; x_wconf 84' lang='lat' dir='ltr'>proc.</span> <span class='ocrx_word' id='word_1_131' title='bbox 783 2853 900 2911; x_wconf 81' lang='lat' dir='ltr'>patrtm.</span> <span class='ocrx_word' id='word_1_132' title='bbox 914 2852 955 2900; x_wconf 82' lang='lat' dir='ltr'>bis</span> <span class='ocrx_word' id='word_1_133' title='bbox 968 2865 1045 2910; x_wconf 86' lang='lat' dir='ltr'>proc.</span> <span class='ocrx_word' id='word_1_134' title='bbox 1060 2849 1284 2913; x_wconf 83' lang='lat' dir='ltr'>berad(r&#39;tatium)</span> <span class='ocrx_word' id='word_1_135' title='bbox 1293 2842 1482 2912; x_wconf 59' lang='lat' dir='ltr'>patrimonii)</span> 
     </span>
     <span class='ocr_line' id='line_1_20' title="bbox 418 2941 1202 3004; baseline -0.006 -13"><span class='ocrx_word' id='word_1_136' title='bbox 418 2941 581 3004; x_wconf 70' lang='lat' dir='ltr'>priuauit»</span> <span class='ocrx_word' id='word_1_137' title='bbox 1200 2953 1202 2957; x_wconf 93' lang='lat'>·</span> 
     </span>
    </p>

    <p class='ocr_par' dir='ltr' id='par_1_6' title="bbox 419 3027 1482 3272">
     <span class='ocr_line' id='line_1_21' title="bbox 451 3027 1482 3081; baseline -0.004 -1"><span class='ocrx_word' id='word_1_138' title='bbox 451 3031 536 3081; x_wconf 89' lang='lat' dir='ltr'>Recte</span> <span class='ocrx_word' id='word_1_139' title='bbox 556 3030 725 3080; x_wconf 86' lang='lat' dir='ltr'>asseveravit</span> <span class='ocrx_word' id='word_1_140' title='bbox 741 3029 957 3080; x_wconf 84' lang='lat' dir='ltr'>Hirschsieldius</span> <span class='ocrx_word' id='word_1_141' title='bbox 972 3034 1069 3078; x_wconf 90' lang='lat' dir='ltr'>contra</span> <span class='ocrx_word' id='word_1_142' title='bbox 1081 3029 1253 3078; x_wconf 86' lang='lat' dir='ltr'>Henzenium</span> <span class='ocrx_word' id='word_1_143' title='bbox 1271 3041 1328 3076; x_wconf 90' lang='lat' dir='ltr'>non</span> <span class='ocrx_word' id='word_1_144' title='bbox 1347 3027 1402 3076; x_wconf 90' lang='lat' dir='ltr'>duo</span> <span class='ocrx_word' id='word_1_145' title='bbox 1421 3041 1482 3076; x_wconf 91' lang='lat' dir='ltr'>esse</span> 
     </span>
     <span class='ocr_line' id='line_1_22' title="bbox 419 3116 1482 3184; baseline -0.004 -16"><span class='ocrx_word' id='word_1_146' title='bbox 419 3133 546 3182; x_wconf 81' lang='lat' dir='ltr'>numera,</span> <span class='ocrx_word' id='word_1_147' title='bbox 563 3133 639 3184; x_wconf 88' lang='lat' dir='ltr'>proc.</span> <span class='ocrx_word' id='word_1_148' title='bbox 660 3119 854 3168; x_wconf 85' lang='lat' dir='ltr'>hereditatium</span> <span class='ocrx_word' id='word_1_149' title='bbox 877 3123 904 3167; x_wconf 87' lang='lat' dir='ltr'>et</span> <span class='ocrx_word' id='word_1_150' title='bbox 927 3132 1001 3182; x_wconf 89' lang='lat' dir='ltr'>proc.</span> <span class='ocrx_word' id='word_1_151' title='bbox 1025 3118 1199 3182; x_wconf 85' lang='lat' dir='ltr'>patrimonii,</span> <span class='ocrx_word' id='word_1_152' title='bbox 1218 3117 1266 3166; x_wconf 91' lang='lat' dir='ltr'>sed</span> <span class='ocrx_word' id='word_1_153' title='bbox 1287 3131 1387 3177; x_wconf 89' lang='lat' dir='ltr'>unum,</span> <span class='ocrx_word' id='word_1_154' title='bbox 1408 3116 1482 3178; x_wconf 90' lang='lat' dir='ltr'>quod</span> 
     </span>
     <span class='ocr_line' id='line_1_23' title="bbox 419 3207 980 3272; baseline 0 -14"><span class='ocrx_word' id='word_1_155' title='bbox 419 3213 511 3259; x_wconf 88' lang='lat' dir='ltr'>tamen</span> <span class='ocrx_word' id='word_1_156' title='bbox 526 3223 583 3258; x_wconf 90' lang='lat' dir='ltr'>non</span> <span class='ocrx_word' id='word_1_157' title='bbox 598 3209 646 3257; x_wconf 91' lang='lat' dir='ltr'>diu</span> <span class='ocrx_word' id='word_1_158' title='bbox 662 3209 846 3272; x_wconf 83' lang='lat' dir='ltr'>permansisse</span> <span class='ocrx_word' id='word_1_159' title='bbox 860 3207 980 3258; x_wconf 90' lang='lat' dir='ltr'>videtur.</span> 
     </span>
    </p>

    <p class='ocr_par' dir='ltr' id='par_1_7' title="bbox 419 3295 1482 3543">
     <span class='ocr_line' id='line_1_24' title="bbox 450 3295 1480 3362; baseline -0.004 -14"><span class='ocrx_word' id='word_1_160' title='bbox 450 3298 482 3362; x_wconf 86' lang='lat'>(3)</span> <span class='ocrx_word' id='word_1_161' title='bbox 499 3299 602 3348; x_wconf 89' lang='lat' dir='ltr'>Ultima</span> <span class='ocrx_word' id='word_1_162' title='bbox 612 3298 714 3346; x_wconf 88' lang='lat' dir='ltr'>mantio</span> <span class='ocrx_word' id='word_1_163' title='bbox 731 3298 760 3346; x_wconf 91' lang='lat' dir='ltr'>in</span> <span class='ocrx_word' id='word_1_164' title='bbox 770 3297 890 3361; x_wconf 90' lang='lat' dir='ltr'>Ulpiano</span> <span class='ocrx_word' id='word_1_165' title='bbox 906 3302 948 3346; x_wconf 89' lang='lat' dir='ltr'>est</span> <span class='ocrx_word' id='word_1_166' title='bbox 960 3296 1021 3361; x_wconf 91' lang='lat' dir='ltr'>(sub</span> <span class='ocrx_word' id='word_1_167' title='bbox 1033 3295 1192 3359; x_wconf 83' lang='lat' dir='ltr'>Caracalla).</span> <span class='ocrx_word' id='word_1_168' title='bbox 1201 3296 1274 3360; x_wconf 81' lang='lat' dir='ltr'>Dig.,</span> <span class='ocrx_word' id='word_1_169' title='bbox 1286 3295 1371 3354; x_wconf 87' lang='lat' dir='ltr'>XXX,</span> <span class='ocrx_word' id='word_1_170' title='bbox 1383 3295 1421 3358; x_wconf 82' lang='lat'>39,</span> <span class='ocrx_word' id='word_1_171' title='bbox 1435 3295 1480 3346; x_wconf 84' lang='lat'>10:</span> 
     </span>
     <span class='ocr_line' id='line_1_25' title="bbox 420 3385 1482 3451; baseline -0.002 -15"><span class='ocrx_word' id='word_1_172' title='bbox 420 3405 431 3436; x_wconf 81' lang='grc'>1</span> <span class='ocrx_word' id='word_1_173' title='bbox 448 3387 504 3438; x_wconf 84' lang='lat' dir='ltr'>Sed</span> <span class='ocrx_word' id='word_1_174' title='bbox 518 3392 545 3436; x_wconf 89' lang='lat' dir='ltr'>et</span> <span class='ocrx_word' id='word_1_175' title='bbox 560 3401 592 3436; x_wconf 90' lang='lat' dir='ltr'>ea</span> <span class='ocrx_word' id='word_1_176' title='bbox 606 3386 718 3451; x_wconf 88' lang='lat' dir='ltr'>praedia</span> <span class='ocrx_word' id='word_1_177' title='bbox 731 3385 857 3437; x_wconf 86' lang='lat' dir='ltr'>Caesaris</span> <span class='ocrx_word' id='word_1_178' title='bbox 871 3387 983 3450; x_wconf 90' lang='lat' dir='ltr'>quaein</span> <span class='ocrx_word' id='word_1_179' title='bbox 997 3387 1113 3436; x_wconf 82' lang='lat' dir='ltr'>formam</span> <span class='ocrx_word' id='word_1_180' title='bbox 1125 3386 1283 3450; x_wconf 86' lang='lat' dir='ltr'>patrimonii</span> <span class='ocrx_word' id='word_1_181' title='bbox 1298 3387 1418 3445; x_wconf 88' lang='lat' dir='ltr'>redacta,</span> <span class='ocrx_word' id='word_1_182' title='bbox 1429 3387 1482 3434; x_wconf 90' lang='lat' dir='ltr'>sub</span> 
     </span>
     <span class='ocr_line' id='line_1_26' title="bbox 419 3477 894 3543; baseline -0.004 -17"><span class='ocrx_word' id='word_1_183' title='bbox 419 3482 599 3543; x_wconf 83' lang='lat' dir='ltr'>procuratore</span> <span class='ocrx_word' id='word_1_184' title='bbox 617 3477 775 3540; x_wconf 83' lang='lat' dir='ltr'>patrimonii</span> <span class='ocrx_word' id='word_1_185' title='bbox 791 3481 864 3526; x_wconf 91' lang='lat' dir='ltr'>sunt.</span> <span class='ocrx_word' id='word_1_186' title='bbox 881 3493 894 3524; x_wconf 87' lang='lat' dir='ltr'>n</span> 
     </span>
    </p>

    <p class='ocr_par' dir='ltr' id='par_1_8' title="bbox 418 3564 1511 3986">
     <span class='ocr_line' id='line_1_27' title="bbox 451 3564 1482 3632; baseline -0.003 -15"><span class='ocrx_word' id='word_1_187' title='bbox 451 3567 482 3632; x_wconf 84' lang='grc'>(1)</span> <span class='ocrx_word' id='word_1_188' title='bbox 501 3567 560 3618; x_wconf 90' lang='lat' dir='ltr'>Hoc</span> <span class='ocrx_word' id='word_1_189' title='bbox 575 3567 775 3616; x_wconf 86' lang='lat' dir='ltr'>enimconiicio</span> <span class='ocrx_word' id='word_1_190' title='bbox 791 3581 824 3616; x_wconf 83' lang='lat' dir='ltr'>ex</span> <span class='ocrx_word' id='word_1_191' title='bbox 837 3566 949 3630; x_wconf 89' lang='lat' dir='ltr'>Ulpiani</span> <span class='ocrx_word' id='word_1_192' title='bbox 961 3567 1054 3616; x_wconf 88' lang='lat' dir='ltr'>verbis</span> <span class='ocrx_word' id='word_1_193' title='bbox 1067 3565 1128 3630; x_wconf 90' lang='lat' dir='ltr'>(sub</span> <span class='ocrx_word' id='word_1_194' title='bbox 1142 3564 1301 3618; x_wconf 81' lang='lat' dir='ltr'>Caracallai.</span> <span class='ocrx_word' id='word_1_195' title='bbox 1312 3565 1383 3629; x_wconf 76' lang='lat' dir='ltr'>big,</span> <span class='ocrx_word' id='word_1_196' title='bbox 1396 3565 1482 3624; x_wconf 86' lang='lat' dir='ltr'>XXX,</span> 
     </span>
     <span class='ocr_line' id='line_1_28' title="bbox 419 3654 1482 3720; baseline -0.006 -12"><span class='ocrx_word' id='word_1_197' title='bbox 419 3657 461 3716; x_wconf 83' lang='lat'>39,</span> <span class='ocrx_word' id='word_1_198' title='bbox 480 3657 541 3720; x_wconf 71' lang='grc'>(81</span> <span class='ocrx_word' id='word_1_199' title='bbox 562 3656 592 3706; x_wconf 85' lang='lat' dir='ltr'>Si</span> <span class='ocrx_word' id='word_1_200' title='bbox 607 3670 674 3706; x_wconf 89' lang='lat' dir='ltr'>vero</span> <span class='ocrx_word' id='word_1_201' title='bbox 691 3656 875 3706; x_wconf 84' lang='lat' dir='ltr'>Sallustianos</span> <span class='ocrx_word' id='word_1_202' title='bbox 896 3657 991 3706; x_wconf 89' lang='lat' dir='ltr'>hortos</span> <span class='ocrx_word' id='word_1_203' title='bbox 1010 3656 1057 3719; x_wconf 87' lang='lat' dir='ltr'>qui</span> <span class='ocrx_word' id='word_1_204' title='bbox 1078 3659 1143 3704; x_wconf 93' lang='lat' dir='ltr'>sunt</span> <span class='ocrx_word' id='word_1_205' title='bbox 1157 3655 1290 3718; x_wconf 80' lang='lat' dir='ltr'>Augusti,</span> <span class='ocrx_word' id='word_1_206' title='bbox 1304 3655 1347 3704; x_wconf 87' lang='lat' dir='ltr'>vel</span> <span class='ocrx_word' id='word_1_207' title='bbox 1366 3654 1482 3703; x_wconf 79' lang='lat' dir='ltr'>fundum</span> 
     </span>
     <span class='ocr_line' id='line_1_29' title="bbox 418 3743 1511 3809; baseline -0.003 -15"><span class='ocrx_word' id='word_1_208' title='bbox 418 3745 629 3808; x_wconf 85' lang='lat' dir='ltr'>Albanum,qui</span> <span class='ocrx_word' id='word_1_209' title='bbox 652 3745 851 3809; x_wconf 88' lang='lat' dir='ltr'>principalibus</span> <span class='ocrx_word' id='word_1_210' title='bbox 876 3745 974 3794; x_wconf 91' lang='lat' dir='ltr'>usibus</span> <span class='ocrx_word' id='word_1_211' title='bbox 1001 3743 1189 3794; x_wconf 77' lang='lat' dir='ltr'>deservitct.</span> <span class='ocrx_word' id='word_1_212' title='bbox 1205 3748 1316 3795; x_wconf 85' lang='lat' dir='ltr'>Bullett.</span> <span class='ocrx_word' id='word_1_213' title='bbox 1339 3747 1403 3792; x_wconf 83' lang='lat' dir='ltr'>dell’</span> <span class='ocrx_word' id='word_1_214' title='bbox 1422 3747 1481 3801; x_wconf 75' lang='lat' dir='ltr'>lat,</span> <span class='ocrx_word' id='word_1_215' title='bbox 1509 3802 1511 3806; x_wconf 28' lang='grc' dir='ltr'>Ι</span> 
     </span>
     <span class='ocr_line' id='line_1_30' title="bbox 419 3828 1480 3897; baseline -0.003 -13"><span class='ocrx_word' id='word_1_216' title='bbox 419 3833 493 3894; x_wconf 83' lang='grc'>1876,</span> <span class='ocrx_word' id='word_1_217' title='bbox 514 3848 540 3897; x_wconf 89' lang='lat' dir='ltr'>p.</span> <span class='ocrx_word' id='word_1_218' title='bbox 564 3832 607 3883; x_wconf 87' lang='grc'>115</span> <span class='ocrx_word' id='word_1_219' title='bbox 630 3847 635 3882; x_wconf 81' lang='lat' dir='ltr'>z</span> <span class='ocrx_word' id='word_1_220' title='bbox 658 3849 669 3880; x_wconf 83' lang='lat' dir='ltr'>u</span> <span class='ocrx_word' id='word_1_221' title='bbox 692 3833 823 3884; x_wconf 87' lang='lat' dir='ltr'>Ortorum</span> <span class='ocrx_word' id='word_1_222' title='bbox 844 3828 1037 3884; x_wconf 86' lang='lat' dir='ltr'>Sallustianor.</span> <span class='ocrx_word' id='word_1_223' title='bbox 1058 3833 1123 3896; x_wconf 88' lang='lat' dir='ltr'>imp.</span> <span class='ocrx_word' id='word_1_224' title='bbox 1147 3831 1200 3882; x_wconf 80' lang='lat' dir='ltr'>Ser</span> <span class='ocrx_word' id='word_1_225' title='bbox 1231 3832 1390 3884; x_wconf 82' lang='lat' dir='ltr'>Alexandri.</span> <span class='ocrx_word' id='word_1_226' title='bbox 1410 3832 1480 3895; x_wconf 80' lang='lat' dir='ltr'>Aug.</span> 
     </span>
     <span class='ocr_line' id='line_1_31' title="bbox 421 3920 613 3986; baseline -0.005 -15"><span class='ocrx_word' id='word_1_227' title='bbox 421 3921 459 3986; x_wconf 87' lang='lat' dir='ltr'>(in</span> <span class='ocrx_word' id='word_1_228' title='bbox 474 3920 584 3985; x_wconf 84' lang='lat' dir='ltr'>fistula).</span> <span class='ocrx_word' id='word_1_229' title='bbox 601 3938 613 3970; x_wconf 84' lang='lat' dir='ltr'>n</span> 
     </span>
    </p>

    <p class='ocr_par' dir='ltr' id='par_1_9' title="bbox 418 4010 1479 4164">
     <span class='ocr_line' id='line_1_32' title="bbox 447 4010 1479 4076; baseline -0.004 -14"><span class='ocrx_word' id='word_1_230' title='bbox 447 4011 478 4075; x_wconf 84' lang='grc'>(5)</span> <span class='ocrx_word' id='word_1_231' title='bbox 496 4010 641 4070; x_wconf 87' lang='lat' dir='ltr'>Lanciani,</span> <span class='ocrx_word' id='word_1_232' title='bbox 656 4010 759 4076; x_wconf 83' lang='lat' dir='ltr'>Silloga</span> <span class='ocrx_word' id='word_1_233' title='bbox 775 4013 922 4076; x_wconf 86' lang='lat' dir='ltr'>epigrafica</span> <span class='ocrx_word' id='word_1_234' title='bbox 939 4011 1052 4074; x_wconf 90' lang='lat' dir='ltr'>aquaria</span> <span class='ocrx_word' id='word_1_235' title='bbox 1067 4020 1096 4059; x_wconf 90' lang='lat' dir='ltr'>n·</span> <span class='ocrx_word' id='word_1_236' title='bbox 1109 4010 1139 4061; x_wconf 87' lang='grc'>36</span> <span class='ocrx_word' id='word_1_237' title='bbox 1151 4010 1201 4059; x_wconf 91' lang='lat' dir='ltr'>ubi</span> <span class='ocrx_word' id='word_1_238' title='bbox 1215 4011 1243 4058; x_wconf 93' lang='lat' dir='ltr'>bi</span> <span class='ocrx_word' id='word_1_239' title='bbox 1258 4010 1330 4059; x_wconf 90' lang='lat' dir='ltr'>horti</span> <span class='ocrx_word' id='word_1_240' title='bbox 1345 4010 1381 4058; x_wconf 90' lang='lat' dir='ltr'>ad</span> <span class='ocrx_word' id='word_1_241' title='bbox 1396 4014 1479 4058; x_wconf 80' lang='lat' dir='ltr'>«sta-</span> 
     </span>
     <span class='ocr_line' id='line_1_33' title="bbox 418 4102 1035 4164; baseline 0.002 -15"><span class='ocrx_word' id='word_1_242' title='bbox 418 4103 524 4149; x_wconf 82' lang='lat' dir='ltr'>tionem</span> <span class='ocrx_word' id='word_1_243' title='bbox 535 4103 684 4161; x_wconf 82' lang='lat' dir='ltr'>propriam</span> <span class='ocrx_word' id='word_1_244' title='bbox 698 4103 841 4160; x_wconf 84' lang='lat' dir='ltr'>privatam</span> <span class='ocrx_word' id='word_1_245' title='bbox 857 4117 870 4148; x_wconf 85' lang='lat' dir='ltr'>n</span> <span class='ocrx_word' id='word_1_246' title='bbox 887 4102 1035 4164; x_wconf 88' lang='lat' dir='ltr'>pertinent.</span> 
     </span>
    </p>

    <p class='ocr_par' dir='ltr' id='par_1_10' title="bbox 418 4186 1481 4422">
     <span class='ocr_line' id='line_1_34' title="bbox 449 4186 1481 4253; baseline -0.005 -14"><span class='ocrx_word' id='word_1_247' title='bbox 449 4188 482 4253; x_wconf 88' lang='grc'>(6)</span> <span class='ocrx_word' id='word_1_248' title='bbox 499 4188 604 4252; x_wconf 85' lang='lat' dir='ltr'>Wilm.‚</span> <span class='ocrx_word' id='word_1_249' title='bbox 625 4188 684 4240; x_wconf 75' lang='lat'><strong>1278</strong></span> <span class='ocrx_word' id='word_1_250' title='bbox 702 4203 708 4238; x_wconf 90' lang='lat'>:</span> <span class='ocrx_word' id='word_1_251' title='bbox 725 4205 737 4236; x_wconf 82' lang='lat' dir='ltr'>r</span> <span class='ocrx_word' id='word_1_252' title='bbox 754 4187 785 4248; x_wconf 83' lang='lat' dir='ltr'>Q.</span> <span class='ocrx_word' id='word_1_253' title='bbox 803 4188 884 4240; x_wconf 87' lang='lat' dir='ltr'>Val...</span> <span class='ocrx_word' id='word_1_254' title='bbox 901 4190 1019 4239; x_wconf 87' lang='lat' dir='ltr'>Romulo</span> <span class='ocrx_word' id='word_1_255' title='bbox 1039 4201 1111 4252; x_wconf 90' lang='lat' dir='ltr'>aquo</span> <span class='ocrx_word' id='word_1_256' title='bbox 1134 4187 1244 4250; x_wconf 90' lang='lat' dir='ltr'>publico</span> <span class='ocrx_word' id='word_1_257' title='bbox 1264 4200 1339 4250; x_wconf 89' lang='lat' dir='ltr'>proc.</span> <span class='ocrx_word' id='word_1_258' title='bbox 1355 4186 1390 4235; x_wconf 93' lang='lat' dir='ltr'>ad</span> <span class='ocrx_word' id='word_1_259' title='bbox 1409 4188 1481 4234; x_wconf 90' lang='lat' dir='ltr'>bona</span> 
     </span>
     <span class='ocr_line' id='line_1_35' title="bbox 418 4274 1480 4345; baseline -0.003 -19"><span class='ocrx_word' id='word_1_260' title='bbox 418 4278 626 4338; x_wconf 63' lang='lat' dir='ltr'>damnatorum</span> <span class='ocrx_word' id='word_1_261' title='bbox 643 4294 656 4325; x_wconf 84' lang='lat' dir='ltr'>a</span> <span class='ocrx_word' id='word_1_262' title='bbox 674 4277 730 4328; x_wconf 77' lang='lat'><strong>1291</strong></span> <span class='ocrx_word' id='word_1_263' title='bbox 748 4291 753 4328; x_wconf 90' lang='lat'>:</span> <span class='ocrx_word' id='word_1_264' title='bbox 772 4293 784 4324; x_wconf 85' lang='lat' dir='ltr'>u</span> <span class='ocrx_word' id='word_1_265' title='bbox 799 4278 830 4330; x_wconf 89' lang='lat' dir='ltr'>T.</span> <span class='ocrx_word' id='word_1_266' title='bbox 850 4275 967 4328; x_wconf 85' lang='lat' dir='ltr'>Claudio</span> <span class='ocrx_word' id='word_1_267' title='bbox 983 4276 1096 4330; x_wconf 87' lang='lat' dir='ltr'>Zenoni.</span> <span class='ocrx_word' id='word_1_268' title='bbox 1115 4290 1196 4345; x_wconf 67' lang='lat' dir='ltr'>procr</span> <span class='ocrx_word' id='word_1_269' title='bbox 1207 4275 1242 4329; x_wconf 86' lang='lat' dir='ltr'>ad</span> <span class='ocrx_word' id='word_1_270' title='bbox 1257 4275 1349 4343; x_wconf 74' lang='lat' dir='ltr'>blona)</span> <span class='ocrx_word' id='word_1_271' title='bbox 1367 4274 1480 4324; x_wconf 87' lang='lat' dir='ltr'>damna-</span> 
     </span>
     <span class='ocr_line' id='line_1_36' title="bbox 419 4372 549 4422; baseline -0.015 -1"><span class='ocrx_word' id='word_1_272' title='bbox 419 4372 549 4422; x_wconf 74' lang='lat' dir='ltr'>torum.»</span> 
     </span>
    </p>
   </div>
   <div class='ocr_carea' id='block_1_4' title="bbox 0 0 1730 5234">
    <p class='ocr_par' dir='ltr' id='par_1_11' title="bbox 0 0 1730 5234">
     <span class='ocr_line' id='line_1_37' title="bbox 0 0 1730 5234; baseline 0 1"><span class='ocrx_word' id='word_1_273' title='bbox 0 0 1730 5234; x_wconf 95' lang='lat' dir='ltr'> </span> 
     </span>
    </p>
   </div>
  </div>
 </body>
</html>
