<?xml version="1.0" encoding="UTF-8"?>
<!DOCTYPE html PUBLIC "-//W3C//DTD XHTML 1.0 Transitional//EN"
    "http://www.w3.org/TR/xhtml1/DTD/xhtml1-transitional.dtd">
<html xmlns="http://www.w3.org/1999/xhtml" xml:lang="en" lang="en">
 <head>
  <title>
</title>
<meta http-equiv="Content-Type" content="text/html;charset=utf-8" />
  <meta name='ocr-system' content='tesseract 3.04.00' />
  <meta name='ocr-capabilities' content='ocr_page ocr_carea ocr_par ocr_line ocrx_word'/>
</head>
<body>
  <div class='ocr_page' id='page_1' title='image "./deagrispublicis00lcgoog_0098.png"; bbox 0 0 3450 5234; ppageno 0'>
   <div class='ocr_carea' id='block_1_1' title="bbox 846 665 1010 728">
    <p class='ocr_par' dir='ltr' id='par_1_1' title="bbox 846 665 1010 728">
     <span class='ocr_line' id='line_1_1' title="bbox 846 665 1010 728; baseline 0.012 -16"><span class='ocrx_word' id='word_1_1' title='bbox 846 665 1010 728; x_wconf 77' lang='lat'>..94-</span> 
     </span>
    </p>
   </div>
   <div class='ocr_carea' id='block_1_2' title="bbox 396 801 1583 2518">
    <p class='ocr_par' dir='ltr' id='par_1_2' title="bbox 396 801 1460 1516">
     <span class='ocr_line' id='line_1_2' title="bbox 396 801 1459 898; baseline 0.005 -26"><span class='ocrx_word' id='word_1_2' title='bbox 396 801 497 873; x_wconf 93' lang='lat' dir='ltr'><strong>nium</strong></span> <span class='ocrx_word' id='word_1_3' title='bbox 530 803 724 893; x_wconf 85' lang='lat' dir='ltr'><strong>expetitum</strong></span> <span class='ocrx_word' id='word_1_4' title='bbox 757 821 837 876; x_wconf 90' lang='lat' dir='ltr'><strong>esse</strong></span> <span class='ocrx_word' id='word_1_5' title='bbox 870 811 1008 876; x_wconf 88' lang='lat' dir='ltr'><strong>constat</strong></span> <span class='ocrx_word' id='word_1_6' title='bbox 1036 801 1101 898; x_wconf 85' lang='lat' dir='ltr'><strong>(l).</strong></span> <span class='ocrx_word' id='word_1_7' title='bbox 1131 804 1205 876; x_wconf 94' lang='lat' dir='ltr'><strong>lmo</strong></span> <span class='ocrx_word' id='word_1_8' title='bbox 1233 819 1344 895; x_wconf 84' lang='lat' dir='ltr'><strong>quum</strong></span> <span class='ocrx_word' id='word_1_9' title='bbox 1377 822 1459 896; x_wconf 92' lang='lat' dir='ltr'><strong>pos·</strong></span> 
     </span>
     <span class='ocr_line' id='line_1_3' title="bbox 397 928 1459 1021; baseline 0.003 -24"><span class='ocrx_word' id='word_1_10' title='bbox 397 944 556 999; x_wconf 82' lang='lat' dir='ltr'><strong>sessores</strong></span> <span class='ocrx_word' id='word_1_11' title='bbox 588 928 646 999; x_wconf 89' lang='lat' dir='ltr'><strong>usi</strong></span> <span class='ocrx_word' id='word_1_12' title='bbox 678 946 757 1000; x_wconf 94' lang='lat' dir='ltr'><strong>esse</strong></span> <span class='ocrx_word' id='word_1_13' title='bbox 790 935 912 1001; x_wconf 89' lang='lat' dir='ltr'><strong>contra</strong></span> <span class='ocrx_word' id='word_1_14' title='bbox 947 929 1042 1020; x_wconf 85' lang='lat' dir='ltr'><strong>leges</strong></span> <span class='ocrx_word' id='word_1_15' title='bbox 1077 928 1228 1002; x_wconf 88' lang='lat' dir='ltr'><strong>alicuius</strong></span> <span class='ocrx_word' id='word_1_16' title='bbox 1262 930 1459 1021; x_wconf 88' lang='lat' dir='ltr'><strong>patrocinio</strong></span> 
     </span>
     <span class='ocr_line' id='line_1_4' title="bbox 397 1050 1460 1145; baseline 0.003 -23"><span class='ocrx_word' id='word_1_17' title='bbox 397 1050 769 1142; x_wconf 77' lang='lat' dir='ltr'>deprehenderentur,</span> <span class='ocrx_word' id='word_1_18' title='bbox 791 1052 917 1124; x_wconf 88' lang='lat' dir='ltr'><strong>liscum</strong></span> <span class='ocrx_word' id='word_1_19' title='bbox 943 1059 1093 1144; x_wconf 92' lang='lat' dir='ltr'><strong>patrono</strong></span> <span class='ocrx_word' id='word_1_20' title='bbox 1116 1053 1304 1126; x_wconf 79' lang='lat' dir='ltr'>succedere</span> <span class='ocrx_word' id='word_1_21' title='bbox 1322 1054 1460 1145; x_wconf 86' lang='lat' dir='ltr'><strong>privato</strong></span> 
     </span>
     <span class='ocr_line' id='line_1_5' title="bbox 396 1172 1460 1271; baseline 0.005 -26"><span class='ocrx_word' id='word_1_22' title='bbox 396 1174 558 1248; x_wconf 90' lang='lat' dir='ltr'><strong>ridemus</strong></span> <span class='ocrx_word' id='word_1_23' title='bbox 574 1172 642 1271; x_wconf 76' lang='lat' dir='ltr'><strong>(i),</strong></span> <span class='ocrx_word' id='word_1_24' title='bbox 660 1177 710 1249; x_wconf 86' lang='lat' dir='ltr'><strong>ita</strong></span> <span class='ocrx_word' id='word_1_25' title='bbox 728 1183 767 1248; x_wconf 93' lang='lat' dir='ltr'><strong>ut</strong></span> <span class='ocrx_word' id='word_1_26' title='bbox 786 1177 840 1248; x_wconf 94' lang='lat' dir='ltr'><strong>illi</strong></span> <span class='ocrx_word' id='word_1_27' title='bbox 859 1195 1086 1269; x_wconf 87' lang='lat' dir='ltr'><strong>possessores</strong></span> <span class='ocrx_word' id='word_1_28' title='bbox 1105 1178 1208 1267; x_wconf 86' lang='lat' dir='ltr'><strong>quasi</strong></span> <span class='ocrx_word' id='word_1_29' title='bbox 1229 1178 1267 1249; x_wconf 88' lang='lat' dir='ltr'><strong>in</strong></span> <span class='ocrx_word' id='word_1_30' title='bbox 1286 1177 1460 1269; x_wconf 91' lang='lat' dir='ltr'><strong>principis</strong></span> 
     </span>
     <span class='ocr_line' id='line_1_6' title="bbox 397 1300 1460 1395; baseline 0.004 -24"><span class='ocrx_word' id='word_1_31' title='bbox 397 1300 597 1373; x_wconf 80' lang='lat' dir='ltr'><strong>clientelam</strong></span> <span class='ocrx_word' id='word_1_32' title='bbox 627 1302 920 1393; x_wconf 84' lang='lat' dir='ltr'><strong>ingrederentur;</strong></span> <span class='ocrx_word' id='word_1_33' title='bbox 947 1302 1083 1375; x_wconf 93' lang='lat' dir='ltr'><strong>colonis</strong></span> <span class='ocrx_word' id='word_1_34' title='bbox 1110 1302 1232 1376; x_wconf 93' lang='lat' dir='ltr'><strong>liberis</strong></span> <span class='ocrx_word' id='word_1_35' title='bbox 1259 1303 1313 1375; x_wconf 90' lang='lat' dir='ltr'><strong>rel</strong></span> <span class='ocrx_word' id='word_1_36' title='bbox 1340 1302 1460 1395; x_wconf 91' lang='lat' dir='ltr'><strong>potius</strong></span> 
     </span>
     <span class='ocr_line' id='line_1_7' title="bbox 396 1424 977 1516; baseline 0.017 -22"><span class='ocrx_word' id='word_1_37' title='bbox 396 1424 536 1498; x_wconf 86' lang='lat' dir='ltr'>libertis</span> <span class='ocrx_word' id='word_1_38' title='bbox 554 1427 706 1499; x_wconf 89' lang='lat' dir='ltr'><strong>similes.</strong></span> <span class='ocrx_word' id='word_1_39' title='bbox 973 1510 977 1516; x_wconf 62' lang='grc'><strong><em>,</em></strong></span> 
     </span>
    </p>

    <p class='ocr_par' dir='ltr' id='par_1_3' title="bbox 396 1552 1583 2518">
     <span class='ocr_line' id='line_1_8' title="bbox 446 1552 1583 1645; baseline 0.001 -23"><span class='ocrx_word' id='word_1_40' title='bbox 446 1554 482 1622; x_wconf 78' lang='lat'><strong>5⁰</strong></span> <span class='ocrx_word' id='word_1_41' title='bbox 511 1554 549 1623; x_wconf 95' lang='lat' dir='ltr'><strong>ln</strong></span> <span class='ocrx_word' id='word_1_42' title='bbox 570 1552 715 1626; x_wconf 76' lang='lat' dir='ltr'>Oriente</span> <span class='ocrx_word' id='word_1_43' title='bbox 739 1554 871 1625; x_wconf 87' lang='lat' dir='ltr'><strong>multas</strong></span> <span class='ocrx_word' id='word_1_44' title='bbox 895 1553 1006 1625; x_wconf 93' lang='lat' dir='ltr'><strong>luisse</strong></span> <span class='ocrx_word' id='word_1_45' title='bbox 1033 1554 1270 1645; x_wconf 82' lang='lat' dir='ltr'><strong>comperimus</strong></span> <span class='ocrx_word' id='word_1_46' title='bbox 1295 1560 1461 1625; x_wconf 78' lang='lat' dir='ltr'><strong>metrooo-</strong></span> <span class='ocrx_word' id='word_1_47' title='bbox 1579 1594 1583 1599; x_wconf 96' lang='lat'>-</span> 
     </span>
     <span class='ocr_line' id='line_1_9' title="bbox 396 1675 1461 1768; baseline 0.006 -26"><span class='ocrx_word' id='word_1_48' title='bbox 396 1675 500 1758; x_wconf 80' lang='lat' dir='ltr'><strong>mles,</strong></span> <span class='ocrx_word' id='word_1_49' title='bbox 518 1677 641 1749; x_wconf 90' lang='lat' dir='ltr'><strong>liberis</strong></span> <span class='ocrx_word' id='word_1_50' title='bbox 662 1678 870 1750; x_wconf 92' lang='lat' dir='ltr'><strong>bominibus</strong></span> <span class='ocrx_word' id='word_1_51' title='bbox 890 1678 1165 1768; x_wconf 88' lang='lat' dir='ltr'><strong>convicanisque</strong></span> <span class='ocrx_word' id='word_1_52' title='bbox 1185 1685 1379 1751; x_wconf 83' lang='lat' dir='ltr'><strong>reservatas</strong></span> <span class='ocrx_word' id='word_1_53' title='bbox 1397 1678 1461 1751; x_wconf 94' lang='lat' dir='ltr'><strong>ubi</strong></span> 
     </span>
     <span class='ocr_line' id='line_1_10' title="bbox 397 1802 1463 1895; baseline 0.005 -23"><span class='ocrx_word' id='word_1_54' title='bbox 397 1821 500 1894; x_wconf 80' lang='lat' dir='ltr'><strong>agros</strong></span> <span class='ocrx_word' id='word_1_55' title='bbox 534 1820 605 1873; x_wconf 94' lang='lat' dir='ltr'><strong>non</strong></span> <span class='ocrx_word' id='word_1_56' title='bbox 637 1802 709 1873; x_wconf 93' lang='lat' dir='ltr'><strong>nisi</strong></span> <span class='ocrx_word' id='word_1_57' title='bbox 739 1802 783 1875; x_wconf 87' lang='lat' dir='ltr'><strong>ed</strong></span> <span class='ocrx_word' id='word_1_58' title='bbox 808 1822 1036 1895; x_wconf 89' lang='lat' dir='ltr'><strong>possessores</strong></span> <span class='ocrx_word' id='word_1_59' title='bbox 1063 1803 1178 1876; x_wconf 91' lang='lat' dir='ltr'><strong>eidem</strong></span> <span class='ocrx_word' id='word_1_60' title='bbox 1212 1804 1463 1877; x_wconf 88' lang='lat' dir='ltr'><strong>metrooomiae</strong></span> 
     </span>
     <span class='ocr_line' id='line_1_11' title="bbox 397 1924 1463 2021; baseline 0.004 -24"><span class='ocrx_word' id='word_1_61' title='bbox 397 1927 571 2019; x_wconf 86' lang='lat' dir='ltr'><strong>ascriptos</strong></span> <span class='ocrx_word' id='word_1_62' title='bbox 591 1927 785 1999; x_wconf 86' lang='lat' dir='ltr'>transmitti</span> <span class='ocrx_word' id='word_1_63' title='bbox 806 1928 928 2000; x_wconf 92' lang='lat' dir='ltr'><strong>liceret</strong></span> <span class='ocrx_word' id='word_1_64' title='bbox 952 1924 997 2021; x_wconf 82' lang='lat'><strong>(5)</strong></span> <span class='ocrx_word' id='word_1_65' title='bbox 1019 1947 1136 2018; x_wconf 84' lang='lat' dir='ltr'><strong>:quas</strong></span> <span class='ocrx_word' id='word_1_66' title='bbox 1157 1928 1257 2001; x_wconf 90' lang='lat' dir='ltr'><strong>valde</strong></span> <span class='ocrx_word' id='word_1_67' title='bbox 1277 1928 1463 2021; x_wconf 84' lang='lat' dir='ltr'><strong>probabile</strong></span> 
     </span>
     <span class='ocr_line' id='line_1_12' title="bbox 397 2050 1462 2143; baseline 0.001 -19"><span class='ocrx_word' id='word_1_68' title='bbox 397 2057 452 2124; x_wconf 91' lang='lat' dir='ltr'><strong>est</strong></span> <span class='ocrx_word' id='word_1_69' title='bbox 467 2050 512 2122; x_wconf 87' lang='lat' dir='ltr'><strong>ab</strong></span> <span class='ocrx_word' id='word_1_70' title='bbox 527 2051 804 2143; x_wconf 83' lang='lat' dir='ltr'><strong>imperatoribus</strong></span> <span class='ocrx_word' id='word_1_71' title='bbox 823 2071 867 2124; x_wconf 82' lang='lat' dir='ltr'><strong>eu</strong></span> <span class='ocrx_word' id='word_1_72' title='bbox 886 2051 1043 2143; x_wconf 89' lang='lat' dir='ltr'><strong>praediis</strong></span> <span class='ocrx_word' id='word_1_73' title='bbox 1063 2052 1138 2125; x_wconf 93' lang='lat' dir='ltr'><strong>suis</strong></span> <span class='ocrx_word' id='word_1_74' title='bbox 1158 2059 1306 2135; x_wconf 85' lang='lat' dir='ltr'><strong>creatas,</strong></span> <span class='ocrx_word' id='word_1_75' title='bbox 1325 2052 1462 2125; x_wconf 93' lang='lat' dir='ltr'><strong>colonis</strong></span> 
     </span>
     <span class='ocr_line' id='line_1_13' title="bbox 398 2176 1463 2268; baseline 0.002 -21"><span class='ocrx_word' id='word_1_76' title='bbox 398 2176 614 2267; x_wconf 86' lang='lat' dir='ltr'><strong>quibusdam</strong></span> <span class='ocrx_word' id='word_1_77' title='bbox 639 2178 838 2268; x_wconf 83' lang='lat' dir='ltr'><strong>assignatas</strong></span> <span class='ocrx_word' id='word_1_78' title='bbox 862 2177 972 2249; x_wconf 91' lang='lat' dir='ltr'><strong>luisse</strong></span> <span class='ocrx_word' id='word_1_79' title='bbox 992 2196 1070 2249; x_wconf 93' lang='lat' dir='ltr'><strong>cum</strong></span> <span class='ocrx_word' id='word_1_80' title='bbox 1093 2179 1199 2268; x_wconf 89' lang='lat' dir='ltr'><strong>pleno</strong></span> <span class='ocrx_word' id='word_1_81' title='bbox 1220 2178 1399 2259; x_wconf 91' lang='lat' dir='ltr'><strong>dominio,</strong></span> <span class='ocrx_word' id='word_1_82' title='bbox 1420 2196 1463 2249; x_wconf 91' lang='lat' dir='ltr'><strong>ea</strong></span> 
     </span>
     <span class='ocr_line' id='line_1_14' title="bbox 397 2302 1461 2375; baseline 0.001 -3"><span class='ocrx_word' id='word_1_83' title='bbox 397 2302 473 2372; x_wconf 86' lang='lat' dir='ltr'><strong>sola</strong></span> <span class='ocrx_word' id='word_1_84' title='bbox 498 2302 703 2373; x_wconf 91' lang='lat' dir='ltr'><strong>conditione</strong></span> <span class='ocrx_word' id='word_1_85' title='bbox 729 2309 769 2372; x_wconf 91' lang='lat' dir='ltr'><strong>ut</strong></span> <span class='ocrx_word' id='word_1_86' title='bbox 792 2302 926 2373; x_wconf 89' lang='lat' dir='ltr'><strong>tributa</strong></span> <span class='ocrx_word' id='word_1_87' title='bbox 951 2302 1132 2373; x_wconf 87' lang='lat' dir='ltr'><strong>ordinaria</strong></span> <span class='ocrx_word' id='word_1_88' title='bbox 1152 2303 1330 2374; x_wconf 91' lang='lat' dir='ltr'>solverent</span> <span class='ocrx_word' id='word_1_89' title='bbox 1349 2310 1383 2375; x_wconf 92' lang='lat' dir='ltr'><strong>et</strong></span> <span class='ocrx_word' id='word_1_90' title='bbox 1401 2322 1461 2374; x_wconf 86' lang='lat' dir='ltr'><strong>ex·</strong></span> 
     </span>
     <span class='ocr_line' id='line_1_15' title="bbox 396 2426 1300 2518; baseline 0.002 -21"><span class='ocrx_word' id='word_1_91' title='bbox 396 2433 543 2499; x_wconf 86' lang='lat' dir='ltr'><strong>traneos</strong></span> <span class='ocrx_word' id='word_1_92' title='bbox 565 2434 744 2518; x_wconf 93' lang='lat' dir='ltr'><strong>emptores</strong></span> <span class='ocrx_word' id='word_1_93' title='bbox 764 2447 785 2498; x_wconf 88' lang='lat' dir='ltr'><strong>a</strong></span> <span class='ocrx_word' id='word_1_94' title='bbox 805 2426 1045 2499; x_wconf 89' lang='lat' dir='ltr'><strong>metrooomiis</strong></span> <span class='ocrx_word' id='word_1_95' title='bbox 1066 2436 1300 2500; x_wconf 84' lang='lat' dir='ltr'><strong>removerent.</strong></span> 
     </span>
    </p>
   </div>
   <div class='ocr_carea' id='block_1_3' title="bbox 396 2674 1463 3007">
    <p class='ocr_par' dir='ltr' id='par_1_4' title="bbox 396 2674 1463 3007">
     <span class='ocr_line' id='line_1_16' title="bbox 427 2674 1461 2737; baseline 0.001 -15"><span class='ocrx_word' id='word_1_96' title='bbox 427 2674 461 2737; x_wconf 87' lang='lat' dir='ltr'><strong>(l)</strong></span> <span class='ocrx_word' id='word_1_97' title='bbox 474 2674 515 2723; x_wconf 90' lang='lat' dir='ltr'><strong>De</strong></span> <span class='ocrx_word' id='word_1_98' title='bbox 527 2675 685 2737; x_wconf 83' lang='lat' dir='ltr'><strong>patrocinio</strong></span> <span class='ocrx_word' id='word_1_99' title='bbox 700 2675 765 2725; x_wconf 88' lang='lat' dir='ltr'><strong>vido</strong></span> <span class='ocrx_word' id='word_1_100' title='bbox 781 2675 880 2723; x_wconf 91' lang='lat' dir='ltr'><strong>thesim</strong></span> <span class='ocrx_word' id='word_1_101' title='bbox 894 2679 1030 2733; x_wconf 79' lang='lat' dir='ltr'><strong>nostram,</strong></span> <span class='ocrx_word' id='word_1_102' title='bbox 1046 2680 1081 2722; x_wconf 86' lang='lat' dir='ltr'><strong>Le</strong></span> <span class='ocrx_word' id='word_1_103' title='bbox 1095 2676 1180 2723; x_wconf 84' lang='lat' dir='ltr'><strong>Se&#39;rrat</strong></span> <span class='ocrx_word' id='word_1_104' title='bbox 1196 2677 1317 2726; x_wconf 82' lang='lat' dir='ltr'><strong>romain.</strong></span> <span class='ocrx_word' id='word_1_105' title='bbox 1335 2674 1364 2725; x_wconf 85' lang='lat' dir='ltr'><strong>G.</strong></span> <span class='ocrx_word' id='word_1_106' title='bbox 1382 2675 1461 2734; x_wconf 78' lang='lat' dir='ltr'><strong>lust,</strong></span> 
     </span>
     <span class='ocr_line' id='line_1_17' title="bbox 397 2763 1461 2826; baseline 0.002 -14"><span class='ocrx_word' id='word_1_107' title='bbox 397 2764 444 2824; x_wconf 88' lang='lat' dir='ltr'><strong>XI,</strong></span> <span class='ocrx_word' id='word_1_108' title='bbox 462 2764 500 2824; x_wconf 75' lang='lat' dir='ltr'><strong>tt,</strong></span> <span class='ocrx_word' id='word_1_109' title='bbox 517 2763 526 2812; x_wconf 95' lang='lat' dir='ltr'><strong>l</strong></span> <span class='ocrx_word' id='word_1_110' title='bbox 545 2778 550 2811; x_wconf 93' lang='lat'>:</span> <span class='ocrx_word' id='word_1_111' title='bbox 569 2780 581 2809; x_wconf 85' lang='lat' dir='ltr'><strong>c</strong></span> <span class='ocrx_word' id='word_1_112' title='bbox 597 2763 789 2815; x_wconf 85' lang='lat' dir='ltr'><strong>Conductores</strong></span> <span class='ocrx_word' id='word_1_113' title='bbox 804 2764 964 2813; x_wconf 87' lang='lat' dir='ltr'><strong>hominesve</strong></span> <span class='ocrx_word' id='word_1_114' title='bbox 980 2764 1192 2826; x_wconf 83' lang='lat' dir='ltr'><strong>augustissimae</strong></span> <span class='ocrx_word' id='word_1_115' title='bbox 1207 2763 1305 2812; x_wconf 88' lang='lat' dir='ltr'><strong>domus</strong></span> <span class='ocrx_word' id='word_1_116' title='bbox 1319 2768 1461 2814; x_wconf 81' lang='lat' dir='ltr'><strong>nostrae..</strong></span> 
     </span>
     <span class='ocr_line' id='line_1_18' title="bbox 396 2853 1463 2916; baseline 0.001 -16"><span class='ocrx_word' id='word_1_117' title='bbox 396 2867 447 2901; x_wconf 88' lang='lat' dir='ltr'><strong>nec</strong></span> <span class='ocrx_word' id='word_1_118' title='bbox 470 2854 635 2902; x_wconf 83' lang='lat' dir='ltr'><strong>sententiam</strong></span> <span class='ocrx_word' id='word_1_119' title='bbox 657 2854 839 2902; x_wconf 85' lang='lat' dir='ltr'><strong>iudicantium</strong></span> <span class='ocrx_word' id='word_1_120' title='bbox 864 2858 912 2901; x_wconf 88' lang='lat' dir='ltr'><strong>aut</strong></span> <span class='ocrx_word' id='word_1_121' title='bbox 932 2854 1029 2901; x_wconf 89' lang='lat' dir='ltr'><strong>illicito</strong></span> <span class='ocrx_word' id='word_1_122' title='bbox 1047 2853 1194 2916; x_wconf 86' lang='lat' dir='ltr'><strong>patrocinii</strong></span> <span class='ocrx_word' id='word_1_123' title='bbox 1215 2853 1258 2901; x_wconf 91' lang='lat' dir='ltr'><strong>sui</strong></span> <span class='ocrx_word' id='word_1_124' title='bbox 1282 2853 1376 2903; x_wconf 84' lang='lat' dir='ltr'><strong>fomite</strong></span> <span class='ocrx_word' id='word_1_125' title='bbox 1400 2853 1463 2901; x_wconf 84' lang='lat' dir='ltr'><strong>iura</strong></span> 
     </span>
     <span class='ocr_line' id='line_1_19' title="bbox 397 2942 1463 3007; baseline -0.001 -16"><span class='ocrx_word' id='word_1_126' title='bbox 397 2944 626 2994; x_wconf 82' lang='lat' dir='ltr'><strong>conturbent...»</strong></span> <span class='ocrx_word' id='word_1_127' title='bbox 646 2970 677 2977; x_wconf 92' lang='lat'><em>-</em></span> <span class='ocrx_word' id='word_1_128' title='bbox 697 2943 785 3004; x_wconf 82' lang='lat' dir='ltr'><strong>x‚19.</strong></span> <span class='ocrx_word' id='word_1_129' title='bbox 806 2943 899 3007; x_wconf 67' lang='lat' dir='ltr'><strong>allos)</strong></span> <span class='ocrx_word' id='word_1_130' title='bbox 921 2957 926 2991; x_wconf 91' lang='lat'>:</span> <span class='ocrx_word' id='word_1_131' title='bbox 951 2960 962 2991; x_wconf 81' lang='lat' dir='ltr'><strong>o</strong></span> <span class='ocrx_word' id='word_1_132' title='bbox 989 2943 1017 2992; x_wconf 84' lang='lat' dir='ltr'><strong>Si</strong></span> <span class='ocrx_word' id='word_1_133' title='bbox 1039 2943 1133 2991; x_wconf 89' lang='lat' dir='ltr'><strong>divina</strong></span> <span class='ocrx_word' id='word_1_134' title='bbox 1157 2942 1254 2991; x_wconf 91' lang='lat' dir='ltr'><strong>domus</strong></span> <span class='ocrx_word' id='word_1_135' title='bbox 1277 2948 1323 2991; x_wconf 85' lang='lat' dir='ltr'><strong>aut</strong></span> <span class='ocrx_word' id='word_1_136' title='bbox 1346 2943 1463 3005; x_wconf 86' lang='lat' dir='ltr'><strong>quilibet</strong></span> 
     </span>
    </p>
   </div>
   <div class='ocr_carea' id='block_1_4' title="bbox 295 3032 1462 3095">
    <p class='ocr_par' dir='ltr' id='par_1_5' title="bbox 295 3032 1462 3095">
     <span class='ocr_line' id='line_1_20' title="bbox 295 3032 1462 3095; baseline 0.002 -16"><span class='ocrx_word' id='word_1_137' title='bbox 295 3082 300 3090; x_wconf 60' lang='grc'><em>,</em></span> <span class='ocrx_word' id='word_1_138' title='bbox 396 3032 595 3094; x_wconf 87' lang='lat' dir='ltr'><strong>cuiuscumque</strong></span> <span class='ocrx_word' id='word_1_139' title='bbox 622 3033 764 3095; x_wconf 83' lang='lat' dir='ltr'>dignitatis</span> <span class='ocrx_word' id='word_1_140' title='bbox 784 3037 866 3095; x_wconf 87' lang='lat' dir='ltr'><strong>atque</strong></span> <span class='ocrx_word' id='word_1_141' title='bbox 882 3033 1010 3081; x_wconf 85' lang='lat' dir='ltr'><strong>fortunae</strong></span> <span class='ocrx_word' id='word_1_142' title='bbox 1031 3046 1127 3081; x_wconf 89' lang='lat' dir='ltr'><strong>revera</strong></span> <span class='ocrx_word' id='word_1_143' title='bbox 1143 3033 1243 3081; x_wconf 89' lang='lat' dir='ltr'><strong>lundos</strong></span> <span class='ocrx_word' id='word_1_144' title='bbox 1264 3037 1342 3081; x_wconf 86' lang='lat' dir='ltr'><strong>extra</strong></span> <span class='ocrx_word' id='word_1_145' title='bbox 1357 3036 1462 3081; x_wconf 87' lang='lat' dir='ltr'><strong>metro-</strong></span> 
     </span>
    </p>
   </div>
   <div class='ocr_carea' id='block_1_5' title="bbox 396 3121 1463 3632">
    <p class='ocr_par' dir='ltr' id='par_1_6' title="bbox 396 3121 1463 3273">
     <span class='ocr_line' id='line_1_21' title="bbox 396 3121 1463 3184; baseline -0.001 -15"><span class='ocrx_word' id='word_1_146' title='bbox 396 3122 499 3170; x_wconf 86' lang='lat' dir='ltr'><strong>comias</strong></span> <span class='ocrx_word' id='word_1_147' title='bbox 514 3136 571 3170; x_wconf 92' lang='lat' dir='ltr'><strong>non</strong></span> <span class='ocrx_word' id='word_1_148' title='bbox 586 3122 735 3184; x_wconf 87' lang='lat' dir='ltr'><strong>patrocinii</strong></span> <span class='ocrx_word' id='word_1_149' title='bbox 751 3122 848 3184; x_wconf 84' lang='lat' dir='ltr'><strong>gratia,</strong></span> <span class='ocrx_word' id='word_1_150' title='bbox 866 3122 914 3171; x_wconf 90' lang='lat' dir='ltr'><strong>sed</strong></span> <span class='ocrx_word' id='word_1_151' title='bbox 931 3122 1078 3184; x_wconf 88' lang='lat' dir='ltr'><strong>emptionis</strong></span> <span class='ocrx_word' id='word_1_152' title='bbox 1094 3122 1154 3170; x_wconf 89' lang='lat' dir='ltr'><strong>iure</strong></span> <span class='ocrx_word' id='word_1_153' title='bbox 1170 3122 1214 3171; x_wconf 87' lang='lat' dir='ltr'><strong>vel</strong></span> <span class='ocrx_word' id='word_1_154' title='bbox 1229 3122 1282 3170; x_wconf 85' lang='lat' dir='ltr'><strong>alio</strong></span> <span class='ocrx_word' id='word_1_155' title='bbox 1298 3122 1377 3169; x_wconf 90' lang='lat' dir='ltr'><strong>titulo</strong></span> <span class='ocrx_word' id='word_1_156' title='bbox 1392 3121 1463 3184; x_wconf 81' lang='lat' dir='ltr'><strong>legi-</strong></span> 
     </span>
     <span class='ocr_line' id='line_1_22' title="bbox 396 3211 692 3273; baseline 0.007 -16"><span class='ocrx_word' id='word_1_157' title='bbox 396 3212 463 3259; x_wconf 90' lang='lat' dir='ltr'><strong>timo</strong></span> <span class='ocrx_word' id='word_1_158' title='bbox 479 3211 662 3273; x_wconf 87' lang='lat' dir='ltr'><strong>possederit...</strong></span> <span class='ocrx_word' id='word_1_159' title='bbox 680 3228 692 3259; x_wconf 85' lang='lat' dir='ltr'><strong>n</strong></span> 
     </span>
    </p>

    <p class='ocr_par' dir='ltr' id='par_1_7' title="bbox 396 3299 1462 3632">
     <span class='ocr_line' id='line_1_23' title="bbox 428 3299 1462 3365; baseline -0.001 -16"><span class='ocrx_word' id='word_1_160' title='bbox 428 3301 460 3362; x_wconf 73' lang='lat'><strong>(2)</strong></span> <span class='ocrx_word' id='word_1_161' title='bbox 475 3299 505 3350; x_wconf 86' lang='lat' dir='ltr'><strong>C.</strong></span> <span class='ocrx_word' id='word_1_162' title='bbox 517 3301 576 3361; x_wconf 80' lang='lat' dir='ltr'><strong>Tu,</strong></span> <span class='ocrx_word' id='word_1_163' title='bbox 588 3302 634 3362; x_wconf 86' lang='lat' dir='ltr'><strong>xl,</strong></span> <span class='ocrx_word' id='word_1_164' title='bbox 644 3302 683 3363; x_wconf 76' lang='lat' dir='ltr'><strong>tl,</strong></span> <span class='ocrx_word' id='word_1_165' title='bbox 695 3302 709 3350; x_wconf 80' lang='lat'><strong>2</strong></span> <span class='ocrx_word' id='word_1_166' title='bbox 724 3316 729 3350; x_wconf 88' lang='lat'>:</span> <span class='ocrx_word' id='word_1_167' title='bbox 741 3318 753 3348; x_wconf 83' lang='lat' dir='ltr'>u</span> <span class='ocrx_word' id='word_1_168' title='bbox 765 3302 930 3351; x_wconf 80' lang='lat' dir='ltr'><strong>Abstineant</strong></span> <span class='ocrx_word' id='word_1_169' title='bbox 940 3302 1102 3365; x_wconf 82' lang='lat' dir='ltr'><strong>patrociniis</strong></span> <span class='ocrx_word' id='word_1_170' title='bbox 1115 3301 1280 3364; x_wconf 82' lang='lat' dir='ltr'><strong>agricolae...</strong></span> <span class='ocrx_word' id='word_1_171' title='bbox 1292 3300 1326 3348; x_wconf 88' lang='lat' dir='ltr'><strong>Hi</strong></span> <span class='ocrx_word' id='word_1_172' title='bbox 1336 3314 1402 3349; x_wconf 90' lang='lat' dir='ltr'><strong>vero</strong></span> <span class='ocrx_word' id='word_1_173' title='bbox 1414 3300 1462 3363; x_wconf 90' lang='lat' dir='ltr'><strong>qui</strong></span> 
     </span>
     <span class='ocr_line' id='line_1_24' title="bbox 397 3389 1462 3454; baseline 0 -17"><span class='ocrx_word' id='word_1_174' title='bbox 397 3390 509 3454; x_wconf 81' lang='lat' dir='ltr'><strong>propria</strong></span> <span class='ocrx_word' id='word_1_175' title='bbox 529 3391 682 3453; x_wconf 87' lang='lat' dir='ltr'><strong>patrocinia</strong></span> <span class='ocrx_word' id='word_1_176' title='bbox 701 3392 870 3454; x_wconf 79' lang='lat' dir='ltr'><strong>largiuntur,</strong></span> <span class='ocrx_word' id='word_1_177' title='bbox 887 3405 936 3453; x_wconf 87' lang='lat' dir='ltr'><strong>per</strong></span> <span class='ocrx_word' id='word_1_178' title='bbox 956 3392 1080 3453; x_wconf 86' lang='lat' dir='ltr'><strong>singulos</strong></span> <span class='ocrx_word' id='word_1_179' title='bbox 1097 3390 1212 3451; x_wconf 86' lang='lat' dir='ltr'><strong>fundos,</strong></span> <span class='ocrx_word' id='word_1_180' title='bbox 1230 3389 1339 3452; x_wconf 90' lang='lat' dir='ltr'><strong>quoties</strong></span> <span class='ocrx_word' id='word_1_181' title='bbox 1358 3390 1462 3452; x_wconf 90' lang='lat' dir='ltr'><strong>reperti</strong></span> 
     </span>
     <span class='ocr_line' id='line_1_25' title="bbox 396 3479 1462 3543; baseline -0.002 -17"><span class='ocrx_word' id='word_1_182' title='bbox 396 3480 508 3541; x_wconf 82' lang='lat' dir='ltr'><strong>fuerint,</strong></span> <span class='ocrx_word' id='word_1_183' title='bbox 527 3480 625 3542; x_wconf 87' lang='lat' dir='ltr'><strong>viginti</strong></span> <span class='ocrx_word' id='word_1_184' title='bbox 641 3485 669 3528; x_wconf 88' lang='lat' dir='ltr'><strong>et</strong></span> <span class='ocrx_word' id='word_1_185' title='bbox 684 3481 806 3543; x_wconf 88' lang='lat' dir='ltr'><strong>quinque</strong></span> <span class='ocrx_word' id='word_1_186' title='bbox 824 3482 885 3528; x_wconf 88' lang='lat' dir='ltr'><strong>auri</strong></span> <span class='ocrx_word' id='word_1_187' title='bbox 899 3480 983 3528; x_wconf 86' lang='lat' dir='ltr'><strong>libras</strong></span> <span class='ocrx_word' id='word_1_188' title='bbox 1000 3479 1064 3527; x_wconf 88' lang='lat' dir='ltr'><strong>dare</strong></span> <span class='ocrx_word' id='word_1_189' title='bbox 1084 3479 1202 3527; x_wconf 86' lang='lat' dir='ltr'><strong>debeant</strong></span> <span class='ocrx_word' id='word_1_190' title='bbox 1215 3482 1241 3526; x_wconf 90' lang='lat' dir='ltr'><strong>ct</strong></span> <span class='ocrx_word' id='word_1_191' title='bbox 1257 3491 1313 3526; x_wconf 92' lang='lat' dir='ltr'><strong>non</strong></span> <span class='ocrx_word' id='word_1_192' title='bbox 1328 3483 1462 3539; x_wconf 85' lang='lat' dir='ltr'><strong>quantum</strong></span> 
     </span>
     <span class='ocr_line' id='line_1_26' title="bbox 397 3567 1430 3632; baseline -0.004 -15"><span class='ocrx_word' id='word_1_193' title='bbox 397 3570 505 3631; x_wconf 86' lang='lat' dir='ltr'><strong>patroni</strong></span> <span class='ocrx_word' id='word_1_194' title='bbox 521 3570 663 3632; x_wconf 89' lang='lat' dir='ltr'><strong>suscipere</strong></span> <span class='ocrx_word' id='word_1_195' title='bbox 678 3573 854 3627; x_wconf 86' lang='lat' dir='ltr'><strong>consuerent,</strong></span> <span class='ocrx_word' id='word_1_196' title='bbox 871 3569 919 3617; x_wconf 90' lang='lat' dir='ltr'><strong>sed</strong></span> <span class='ocrx_word' id='word_1_197' title='bbox 937 3568 1080 3617; x_wconf 90' lang='lat' dir='ltr'><strong>dimidium</strong></span> <span class='ocrx_word' id='word_1_198' title='bbox 1097 3568 1156 3616; x_wconf 91' lang='lat' dir='ltr'><strong>eius</strong></span> <span class='ocrx_word' id='word_1_199' title='bbox 1172 3567 1255 3615; x_wconf 89' lang='lat' dir='ltr'>fiscus</span> <span class='ocrx_word' id='word_1_200' title='bbox 1271 3570 1400 3615; x_wconf 86' lang='lat' dir='ltr'><strong>assumet.</strong></span> <span class='ocrx_word' id='word_1_201' title='bbox 1417 3582 1430 3613; x_wconf 80' lang='lat' dir='ltr'><strong>r&gt;</strong></span> 
     </span>
    </p>
   </div>
   <div class='ocr_carea' id='block_1_6' title="bbox 428 3656 1002 3721">
    <p class='ocr_par' dir='ltr' id='par_1_8' title="bbox 428 3656 1002 3721">
     <span class='ocr_line' id='line_1_27' title="bbox 428 3656 1002 3721; baseline 0.002 -14"><span class='ocrx_word' id='word_1_202' title='bbox 428 3658 462 3721; x_wconf 76' lang='lat' dir='ltr'><strong>(a)</strong></span> <span class='ocrx_word' id='word_1_203' title='bbox 475 3657 505 3708; x_wconf 93' lang='lat' dir='ltr'><strong>c.</strong></span> <span class='ocrx_word' id='word_1_204' title='bbox 522 3659 582 3718; x_wconf 77' lang='lat' dir='ltr'><strong>ru,</strong></span> <span class='ocrx_word' id='word_1_205' title='bbox 599 3658 645 3721; x_wconf 85' lang='lat' dir='ltr'><strong>xr,</strong></span> <span class='ocrx_word' id='word_1_206' title='bbox 662 3658 701 3720; x_wconf 84' lang='lat' dir='ltr'><strong>ar,</strong></span> <span class='ocrx_word' id='word_1_207' title='bbox 720 3659 742 3708; x_wconf 89' lang='lat' dir='ltr'><strong>c.</strong></span> <span class='ocrx_word' id='word_1_208' title='bbox 759 3656 790 3709; x_wconf 88' lang='lat' dir='ltr'><strong>c.</strong></span> <span class='ocrx_word' id='word_1_209' title='bbox 806 3657 947 3719; x_wconf 77' lang='lat' dir='ltr'><strong>rust.,x1‚</strong></span> <span class='ocrx_word' id='word_1_210' title='bbox 964 3658 1002 3708; x_wconf 80' lang='lat' dir='ltr'><strong>ec.</strong></span> 
     </span>
    </p>
   </div>
   <div class='ocr_carea' id='block_1_7' title="bbox 0 0 1733 5234">
    <p class='ocr_par' dir='ltr' id='par_1_9' title="bbox 0 0 1733 5234">
     <span class='ocr_line' id='line_1_28' title="bbox 0 0 1733 5234; baseline 0 0"><span class='ocrx_word' id='word_1_211' title='bbox 0 0 1733 5234; x_wconf 95' lang='lat' dir='ltr'><strong> </strong></span> 
     </span>
    </p>
   </div>
  </div>
 </body>
</html>
