3450 5234
733 577 893 638 ..47-

281 715 1244 807 divisumcrat,quaediversIsnominibusvocabautur
1271 711 1339 807 (1),

282 848 430 927 tractato,
448 841 606 935 praedic
624 840 790 923 saltuum,
808 840 1004 931 cepionem,
1023 838 1205 908 dioecesim
1224 837 1343 928 repic-

282 967 355 1053 ur's,
381 965 635 1058 praedoctum
661 985 778 1056 neque
805 984 885 1037 cum
910 965 990 1035 aliis
1019 963 1341 1035 administrationis

282 1093 521 1165 divisionibus
538 1091 791 1183 congruebant.
813 1091 872 1161 Sic
891 1090 1058 1161 audimus
1077 1089 1121 1161 de
1141 1096 1253 1160 tractu
1271 1088 1341 1158 Ha·

283 1217 486 1290 drumetiuo
505 1214 574 1310 (a),
596 1217 766 1288 detractu
785 1214 1073 1306 Karthaginiensi
1096 1211 1143 1306 (5)
1167 1212 1212 1284 de
1231 1219 1344 1285 tractu

171 1367 174 1372 ’
267 1342 519 1434 vHipponiensi
540 1348 574 1413 et
599 1341 810 1413 Thevestino
834 1337 899 1434 (d),
922 1339 977 1410 cui
1004 1339 1152 1410 forsitan
1170 1338 1343 1410 adbaere-

281 1466 343 1539 bat
369 1467 481 1538 saltus
507 1466 745 1557 Massipianus
779 1463 850 1558 (5),
883 1464 927 1536 de
954 1464 1131 1536 territorio
1157 1463 1346 1534 Numidiae

283 1600 381 1664 extra
407 1591 503 1682 quod
534 1591 741 1664 remanebat
766 1590 934 1663 Numidia
961 1589 1225 1681 proconsularis
1249 1606 1347 1680 ager·

284 1735 353 1806 que
373 1715 606 1788 Thevestinus
630 1712 691 1808 (6).

333 1843 426 1914 Parti
461 1843 590 1932 cuique
619 1847 781 1932 praeerat
815 1847 1021 1930 procurator
1049 1840 1102 1910 vel
1137 1847 1347 1930 procurator

284 1966 451 2056 Augusti,
474 1965 668 2056 aliquando
690 1965 854 2045 libertus,
877 1963 940 2036 sed
957 1965 1169 2055 pierumque
1189 1965 1345 2055 equestri

284 2089 422 2168 ordine,
445 2090 671 2161 centenarius
697 2098 732 2161 et
756 2109 776 2160 a
802 2089 875 2160 fine
897 2088 1045 2160 secundi
1070 2089 1178 2160 seculi
1202 2089 1347 2161 nomine

284 2211 424 2304 eprepr‘c‘
444 2213 644 2294 decoratus,
667 2215 720 2285 vir
734 2233 888 2304 magnae
907 2214 1112 2304 dignitatis,
1136 2213 1268 2305 quippe
1284 2215 1346 2304 qui

254 2338 257 2346 '
285 2340 368 2412 inde
393 2341 438 2411 ad
458 2340 605 2431 gradum
632 2341 871 2431 procuratoris
892 2341 1093 2431 provinciae
1117 2341 1236 2411 statim
1262 2359 1344 2431 pro-

285 2465 481 2537 veheretur.
506 2465 695 2536 Adiutores
717 2465 873 2537 habebat
890 2465 1087 2536 tabularios
1107 2473 1141 2537 et
1160 2466 1344 2555 praeposi·

285 2597 340 2662 tos
372 2589 481 2660 inndo
509 2589 637 2680 cuique
667 2598 914 2680 procuratores
949 2589 1097 2662 secundi
1127 2589 1286 2671 ordinis,
1312 2598 1347 2662 et

287 2732 405 2786 servos
426 2714 615 2786 saltuarios
640 2711 703 2807 (7).

335 2839 399 2911 Cui
424 2847 589 2930 parerent
616 2857 740 2910 omnes
768 2838 821 2910 ilii
849 2846 1116 2928 procuratores,
1147 2858 1272 2931 parum
1300 2839 1344 2911 ii·

287 2971 389 3053 quet;
409 2981 469 3035 eos
489 2970 607 3035 tamen
628 2963 666 3034 in
687 2982 904 3054 unaquaque
927 2965 1109 3054 provincia
1126 2967 1347 3056 procuratori

287 3087 488 3178 provinciae
509 3087 654 3160 obedire
674 3087 866 3160 verisimile
887 3095 953 3160 est.
975 3089 1221 3160 Coniecturam
1248 3088 1347 3160 illam

287 3213 398 3284 reiicit
425 3213 682 3286 Mommsenius
706 3231 748 3285 ea
773 3213 944 3304 opinione
964 3213 1091 3285 ductus
1119 3220 1158 3285 ut
1185 3232 1241 3285 res
1270 3213 1348 3286 fisci

287 3357 308 3408 a
322 3336 427 3410 rebus
444 3339 649 3429 patrimonii
668 3338 738 3410 iam
754 3338 965 3410 insecundo
981 3340 1100 3410 seculo
1115 3339 1348 3429 imperatores

287 3479 449 3553 separare
468 3464 658 3534 voluerint.
686 3465 726 3534 In
742 3463 846 3534 titulo
867 3469 986 3534 tamen
1008 3464 1228 3534 Burunitauo
1248 3465 1344 3534 colo·

288 3605 413 3659 norum
430 3589 631 3679 quereiaad
645 3589 896 3681 imperatorem
911 3608 933 3659 a
941 3595 1179 3681 procuratore
1196 3611 1219 3658 a
1233 3588 1345 3659 ratio·

547 3707 556 3728 ·
1000 3707 1013 3734 .

317 3814 349 3877 (1)
365 3818 392 3863 G.
407 3819 428 3864 I.
443 3819 483 3874 L,
503 3815 577 3876 VIII,
593 3819 679 3879 praei.
713 3833 715 3839 ·

317 3903 348 3967 (2)
361 3904 436 3964 VIII,
451 3905 521 3956 7039.

318 3991 349 4055 (3)
363 3996 445 4054 ibid,
464 3994 531 4056 1269,
549 3995 619 4055 157&
636 3996 684 4059 VI,
701 3996 769 4048 8608.
786 3997 946 4059 Herodian„
961 3997 1022 4058 VII,
1038 3997 1062 4058 4,
1078 3995 1102 4050 2.

317 4080 350 4145 (4)
364 4081 439 4144 VIII,
456 4082 525 4141 5351,
541 4083 611 4143 7053,
627 4085 700 4141 7039:
717 4085 764 4145 VI,
781 4086 834 4137 790.

318 4169 349 4233 (5)
365 4170 439 4231 VIII,
454 4171 507 4233 578,
524 4173 577 4224 587.

321 4261 352 4324 (6)
365 4262 440 4321 VIII,
453 4264 549 4326 praei,
566 4278 592 4325 p.
609 4277 678 4314 xvm.

318 4350 351 4414 (7)
366 4350 440 4412 VIII,
455 4351 523 4405 5383.
