3450 5234
722 524 900 587 -ll3-

685 768 881 833 APPENDIX
901 770 939 830 11.

315 1005 352 1046 ltlt
372 1006 440 1046 mitit
462 1005 538 1053 QUOD
559 1005 672 1046 melsun
693 985 844 1069 uoepotxtxdv
866 1006 896 1047 lit
918 1004 1048 1046 NOVELLA
1068 1005 1110 1045 Vll
1132 1004 1301 1047 interluunt.

321 1203 354 1261 ln
369 1201 493 1262 novella
510 1202 641 1281 septima
658 1201 697 1262 de
713 1202 808 1263 rebus
823 1201 1060 1276 ecclesiasticis,
1071 1202 1104 1261 in
1119 1220 1181 1282 qua
1196 1202 1340 1263 Iustinia-

281 1327 341 1370 nus
365 1308 512 1388 prohibet
532 1328 572 1368 ne
594 1309 796 1388 praediorum
814 1308 1097 1370 ecclesiastieorum
1118 1309 1338 1384 alienationes,

280 1423 335 1477 aut
358 1416 527 1486 locationes
549 1424 721 1495 perpetuae
745 1424 800 1477 aut
821 1416 1044 1496 emphyteuses
1066 1416 1157 1492 fiant,
1175 1417 1256 1477 inter
1280 1416 1338 1477 alia

281 1532 372 1584 cavet
392 1541 431 1583 ne
455 1522 643 1584 adhibeatur
663 1524 713 1584 ius
735 1522 895 1603 quoddam
916 1522 1168 1598 fraudulentum,
1190 1524 1220 1583 τὸ
1242 1522 1339 1583 καλού-

281 1655 357 1711 μενον
374 1632 543 1714 παροικικὸν,
565 1639 754 1710 quocontra
778 1632 876 1712 legem
897 1631 1094 1693 venditiones
1111 1650 1219 1705 verae,
1240 1649 1340 1710 quen·

282 1758 375 1818 quam
392 1738 606 1801 dissimulatae
622 1738 804 1820 fiebantll).
819 1739 901 1813 Quid
918 1742 960 1800 sit
972 1741 1022 1801 ius
1038 1739 1131 1815 illud,
1146 1757 1209 1800 non
1223 1736 1342 1799 indicat

282 1847 482 1908 iustinianus.
493 1846 554 1907 Sed
570 1848 602 1906 in
618 1846 745 1906 latinam
762 1848 1051 1925 interpretationem
1062 1846 1204 1907 novellae
1214 1846 1341 1925 irrepsit

282 1956 387 2015 haeca
403 1953 573 2033 glossatore
590 1940 725 2032 qdodam
742 1954 859 2013 inserta
877 1954 1077 2033 explanatio:
1097 1978 1111 2009 u
1132 1952 1341 2015 Colooiort'um

282 2061 329 2122 ius
348 2068 393 2121 cst
410 2059 505 2122 veluti
519 2060 548 2121 si
563 2059 686 2122 domm
702 2059 852 2121 uolentem
874 2069 994 2122 cautum
1018 2060 1129 2122 solidor
1143 2059 1234 2141 (addc
1253 2060 1340 2141 quiu-

281 2185 336 2248 quc
358 2176 413 2227 out
434 2166 546 2247 decem)
566 2176 596 2229 ct
614 2175 823 2248 praestantem
847 2168 1023 2247 pensionem
1047 2166 1148 2230 decem
1171 2166 1339 2229 solidorum

282 2273 409 2353 accipiat
423 2274 491 2354 quis
509 2274 546 2335 ab
563 2273 688 2335 ecclesio
707 2282 736 2334 ct
753 2272 803 2335 det
815 2292 875 2355 pro
895 2292 931 2335 eu
946 2274 1057 2335 solidos
1074 2282 1193 2336 centum
1207 2291 1262 2336 seu
1276 2292 1340 2336 om-

279 2378 360 2460 plius
377 2388 431 2442 aut
443 2389 520 2442 certe
533 2381 635 2442 minuc
648 2390 677 2443 et
689 2381 853 2461 quostiam
868 2381 903 2442 de
916 2382 1043 2462 proprio
1059 2389 1204 2463 appronat
1216 2400 1247 2443 se
1263 2379 1338 2441 dare

282 2487 409 2569 eloquiis
429 2489 519 2549 eoois
538 2490 629 2569 quari
646 2489 802 2569 pensionis
818 2488 940 2550 nominc
962 2487 1080 2561 solidae
1095 2496 1167 2549 tres.
1193 2490 1252 2549 Isto
1268 2506 1339 2569 erpo

282 2593 452 2674 appellatur
473 2612 640 2674 paroecus,
657 2595 710 2655 scd
728 2596 827 2675 ipsam
844 2594 968 2656 domum
985 2596 1040 2656 sub
1058 2604 1119 2657 tam
1140 2613 1242 2675 porea
1263 2612 1339 2675 peo-

282 2703 415 2763 stoacio
434 2710 616 2782 perpetuum
636 2703 745 2783 etipse
764 2702 931 2763 ethcrcdcs
952 2703 1017 2764 eius
1035 2702 1239 2783 possidebant.
1259 2727 1272 2757 »
1295 2705 1338 2763 lta

282 2807 375 2886 igitur
398 2806 571 2881 Ecclesiae,
589 2810 738 2887 pecuniae
758 2817 902 2887 egenteS‚
923 2808 1087 2887 praedium
1107 2827 1142 2869 ea
1162 2807 1353 2869 conditione¹

284 2911 461 2973 vendebant
483 2922 517 2973 ut
538 2915 702 2994 pecuniam
724 2916 829 2974 statim
851 2915 1054 2975 haberentet
1071 2915 1131 2976 fixa
1150 2932 1247 2995 parva
1265 2933 1339 2994 pen-

283 3021 368 3082 sione
382 3022 431 3081 ius
447 3020 605 3101 quoddam
622 3023 825 3102 proprietatis
840 3024 872 3082 in
889 3022 984 3083 iundo
1002 3024 1184 3083 retinerent.

321 3126 411 3199 Quod
431 3135 535 3187 autem
559 3128 608 3189 ius
630 3129 828 3208 paroecicum
849 3148 911 3189 non
933 3128 1019 3189 aliud
1042 3139 1118 3209 puto
1142 3148 1266 3190 esseae
1289 3132 1340 3191 ius

283 3234 360 3294 illud
378 3234 462 3314 quod
481 3235 618 3295 vidimus
634 3237 664 3295 in
682 3235 788 3297 lundis
802 3238 1012 3317 imperatoriis
1031 3238 1152 3318 privato
1170 3238 1237 3299 iure
1253 3237 1338 3299 noluo

283 3358 395 3402 canone
409 3343 522 3421 emptis
533 3331 543 3401 ¹:
559 3344 763 3421 imperatores
779 3346 879 3420 enim,
897 3354 930 3406 ut
945 3345 1109 3419 ecclesiae,
1127 3353 1158 3404 et
1174 3345 1338 3424 pecuniam

283 3448 497 3526 percipiebant
511 3456 542 3507 et
557 3468 706 3509 canonem
724 3469 856 3530 parvum
867 3485 880 3523 ,ι
891 3452 981 3530 quasi
997 3452 1163 3532 vestigium
1179 3450 1337 3530 quoddam

283 3553 331 3614 sui
345 3555 438 3630 iuriS,
455 3555 644 3619 retinebant.

312 3792 344 3857 (l)
360 3794 441 3857 Nov.,
455 3797 477 3858 7,
497 3810 519 3845 c.
536 3796 561 3856 l,
577 3797 589 3858 ἕ
605 3796 626 3846 l.
