3450 5234
703 588 883 650 -101-

262 728 357 820 quod
383 734 652 819 procuratores,
674 725 928 807 conductores,
955 724 1161 797 obartniarii
1190 723 1324 813 aliique

259 853 530 945 possessoribus
554 852 680 924 vicinis
704 870 806 943 agros
830 851 1001 942 eripiant,
1023 850 1147 921 titulos
1167 850 1321 939 impera-

259 978 369 1050 torios
389 978 443 1049 vel
464 977 647 1069 signacula
666 976 795 1048 alienis
821 974 977 1067 praediis
997 976 1201 1065 imponant,
1225 974 1320 1047 coio-

259 1122 325 1175 nos
344 1103 495 1174 aliorum
517 1102 735 1193 suscipiant,
757 1101 894 1174 iudices
914 1100 983 1191 ipsi
1012 1118 1155 1171 suarum
1184 1107 1322 1171 contro·

258 1227 453 1300 versiarnm
469 1246 547 1298 cum
562 1226 726 1317 agricolis
741 1225 902 1306 sedeant,
914 1226 1086 1296 auxilium
1101 1223 1323 1315 iitigantibus

257 1352 456 1424 contraius
477 1359 679 1443 praestent,
699 1354 754 1423 vel
777 1352 935 1423 actiones
958 1352 995 1422 in
1020 1368 1058 1421 se
1083 1349 1320 1433 transierant,
1399 1327 1401 1331 ¹

256 1485 292 1549 et
317 1476 553 1568 patrocinium
582 1483 705 1547 eontra
733 1475 827 1567 leges
853 1474 1025 1547 tribuant.
1049 1475 1143 1545 inter
1162 1474 1233 1544 aiia
1256 1474 1319 1565 igi·

256 1607 332 1683 tur,
354 1601 433 1673 litos
451 1601 496 1673 ad
514 1600 715 1673 ordinarios
736 1599 873 1673 iudices
893 1600 1025 1672 remitti
1047 1599 1147 1671 iubet
1165 1598 1321 1689 impera·
1413 1694 1416 1701 .

255 1732 311 1796 tor
342 1724 413 1797 nisi
443 1725 624 1797 communi
662 1743 839 1796 consensu
873 1722 1046 1795 iudicium
1072 1723 1321 1814 procuratoris

255 1856 373 1939 partes
399 1848 583 1940 elegerint.
610 1847 762 1921 Eaedem
788 1856 905 1919 autem
931 1856 1054 1939 postea
1080 1848 1148 1919 sub
1178 1847 1321 1939 regibus

254 1974 470 2044 Francorum
498 1974 590 2045 inter
617 1972 753 2045 iudices
777 1972 978 2045 ordinarios
1003 1972 1152 2065 fiscique
1172 1991 1321 2065 praepo·

253 2099 342 2172 sitos
362 2102 523 2172 orientur
542 2100 815 2172 controversiae.

303 2224 375 2294 lam
402 2224 508 2295 etiam
536 2224 676 2313 quoties
703 2223 771 2295 sub
799 2222 1077 2315 imperatoribus
1104 2222 1318 2296 donationes

251 2366 298 2419 en
326 2346 482 2439 praediis
518 2346 700 2420 fiscalibus
735 2346 882 2429 fierent,
912 2347 1214 2437 quomadmodum
1245 2366 1317 2421 res·

251 2471 366 2563 cripta
393 2470 437 2543 de
466 2473 532 2543 bac
561 2490 598 2543 re
623 2472 795 2563 pecnnia,
822 2471 924 2553 dolo,
954 2472 1120 2563 suffragio
1148 2471 1317 2563 petitores

249 2598 505 2689 impetrarent,
527 2597 805 2669 monstravimus
830 2594 878 2691 (i)
902 2622 910 2668 :
934 2617 1140 2688 quanquam
1165 2599 1315 2670 muitum

249 2721 371 2792 adbuc
397 2721 474 2792 anri
500 2722 710 2813 argentique
734 2721 772 2791 in
799 2728 967 2813 promptu
994 2729 1108 2803 esset,
1131 2721 1177 2793 ad
1196 2723 1314 2794 exsol-

248 2844 366 2917 venda
386 2844 642 2936 cuiuscumque
662 2847 801 2937 generis
817 2845 939 2918 debita
958 2845 1061 2917 tundi
1081 2845 1221 2918 fiscales
1243 2847 1314 2918 iam

247 2971 429 3062 aptissimi
445 2980 547 3045 erant
569 2996 578 3043 :
601 2971 688 3063 quid
703 2973 834 3044 mirum
855 2972 921 3044 erit
937 2973 967 3044 si
983 2972 1174 3063 ampliores
1195 2972 1313 3044 adbuc

247 3095 295 3168 de
314 3096 371 3168 bis
389 3096 511 3169 tundis
531 3096 743 3168 donationes
758 3096 901 3168 barbari
924 3114 1024 3187 reges
1040 3095 1197 3169 iaciant?

279 3341 313 3407 (1)
327 3341 398 3392 Vide
408 3356 501 3406 supra.
513 3370 544 3378 —
559 3341 600 3393 Of.
617 3341 648 3393 C.
664 3342 741 3404 lust„
755 3342 854 3402 X1,62.
871 3342 895 3403 6,
912 3343 935 3402 8,
952 3342 983 3403 33
1000 3343 1047 3401 xi,
1065 3342 1103 3405 71,
1118 3344 1140 3395 5.
