3450 5234
803 495 983 557 -lot-

363 644 439 707 cato
458 635 639 717 conteras,
657 636 724 706 boo
743 633 975 730 praecipuum
995 640 1072 706 erat
1094 632 1248 705 cilicium
1269 638 1309 708 ut
1325 649 1428 721 prae-

362 761 433 832 diis
453 759 651 842 servandis,
669 758 857 851 augendis,
875 759 1036 832 locandis
1055 759 1268 850 inrigilaret,
1286 756 1428 828 beredi-

362 891 453 960 tates
473 884 643 982 ecclesiae
664 886 805 957 relictas
824 883 1037 966 vindicaret,
1054 885 1208 974 litesque
1228 881 1430 954 intenderet

362 1010 642 1101 repelleretque‚
682 1010 828 1081 colonos
867 1028 887 1079 a
920 1008 1171 1081 uexationibus
1209 1011 1426 1098 protegeret,

362 1136 608 1207 salvatamen
636 1136 673 1206 in
702 1135 840 1223 maguis
868 1133 974 1206 rebus
1002 1134 1181 1225 pontilicis
1208 1133 1305 1215 iure,
1328 1130 1429 1202 cuius

363 1278 553 1332 assensum
597 1266 804 1349 exspectare
849 1258 994 1331 deberet
1031 1255 1095 1352 (l).
1131 1259 1220 1331 Huic
1254 1257 1431 1349 parebant

365 1380 558 1473 praepositi
591 1381 653 1471 qui
674 1380 859 1454 actionarii
885 1382 1102 1453 uocabantur
1124 1377 1193 1472 (i),
1214 1381 1348 1470 aliique
1366 1378 1428 1449 de-

361 1508 525 1579 fensores
558 1506 794 1579 tenuissimae
824 1505 1046 1578 condicionis
1078 1502 1124 1598 (5)
1149 1507 1210 1595 qui
1238 1504 1432 1592 unicuique

364 1649 505 1703 massae
524 1630 858 1721 praeponebantur,
879 1630 1040 1721 antiquis
1061 1631 1330 1721 possessionum
1353 1646 1432 1719 pro·

366 1756 590 1829 curatoribus
609 1756 761 1827 similes.

415 1881 532 1953 Fundi
548 1888 667 1964 autem
684 1882 915 1955 ecclesiastici
932 1880 1073 1953 duobus
1094 1881 1282 1971 praecipue
1299 1880 1436 1963 modis,

365 2007 441 2077 sive
466 2006 625 2086 cultura,
652 2024 760 2095 quarn
792 2006 992 2078 vocavimus
1022 2006 1259 2086 dominicam,
1288 2005 1326 2077 id
1357 2013 1430 2090 est,

366 2150 429 2221 per
456 2137 592 2202 actores
619 2131 837 2222 colonosque
863 2137 899 2202 et
924 2149 1065 2212 seruos,
1092 2130 1166 2201 sire
1191 2149 1255 2221 per
1281 2129 1433 2201 conduc·

368 2255 504 2327 tionem
538 2254 796 2326 tractabantur.
826 2256 1082 2328 conductionis
1116 2274 1198 2327 vero
1229 2254 1300 2325 duo
1333 2261 1435 2326 erant

366 2398 514 2471 genera,
537 2388 729 2469 perpetuae
748 2379 883 2453 scilicet
901 2388 935 2453 et
954 2382 1202 2471 temporariae.
1224 2381 1433 2470 Perpetuam

369 2512 488 2577 mmen
521 2522 665 2610 perraro
697 2505 860 2577 invenias
898 2503 971 2598 (l),
1008 2506 1142 2596 quippe
1174 2525 1246 2596 qua
1277 2505 1435 2577 ecclesiis

370 2628 602 2718 imperatores
637 2635 672 2700 et
705 2628 742 2699 in
776 2630 902 2719 primis
927 2620 1167 2702 lustinianum
1205 2630 1435 2701 interdixisse
1523 2682 1528 2693 .

370 2752 527 2825 sciamus
551 2748 598 2846 (5)
626 2771 672 2824 ne
700 2772 757 2825 res
787 2756 1014 2828 ecclesiarum
1047 2757 1113 2828 sub
1146 2764 1329 2847 praetentu
1363 2775 1436 2829 em·

370 2878 587 2969 phyteuseos
617 2879 653 2949 in
679 2878 848 2950 laicorum
879 2900 1007 2952 manus
1028 2883 1201 2954 venirent.
1226 2881 1436 2956 corrductio-

371 3022 452 3075 nem
493 3004 600 3095 igitur
639 3006 890 3095 temporariam
935 3007 1162 3096 potissimum
1207 3009 1432 3099 reperimus,

371 3148 578 3221 quanquam
619 3131 851 3204 conductores
892 3134 1012 3205 minus
1055 3133 1260 3225 frequenter
1304 3137 1473 3208 mutari‘

373 3256 562 3347 Gregorius
582 3256 682 3329 iubet
706 3253 769 3349 (6).

422 3382 467 3453 Ut
497 3382 605 3465 olim,
635 3381 685 3455 ita
715 3390 750 3455 et
782 3402 879 3457 nunc
910 3386 1143 3459 conductores
1173 3388 1348 3461 babemus
1381 3390 1437 3463 vel

404 3664 438 3729 (t)
452 3664 499 3726 IX,
517 3666 556 3719 57.

404 3753 438 3819 (2)
449 3754 470 3815 1,
484 3754 523 3807 ta.

407 3843 440 3906 (3)
455 3843 516 3906 XII,
532 3844 571 3896 25.

406 3931 439 3995 (l)
455 3933 489 3992 II,
508 3934 517 3981 l
535 3933 678 3996 (libellario
696 3938 831 4002 nomine);
848 3940 887 4003 X,
906 3940 934 3990 64
954 3940 1015 4003 (sub
1037 3944 1129 4006 specie
1144 3946 1300 3995 libellorum
1315 3948 1433 4011 tenere);

375 4022 433 4082 111,
446 4024 467 4097 '3
481 4019 612 4087 (reliquas
632 4039 681 4074 sex
700 4027 797 4076 uncias
815 4033 862 4077 aut
881 4029 910 4077 in
930 4032 1130 4094 emphyteosim
1148 4034 1245 4085 damus
1265 4041 1312 4086 aut
1331 4038 1438 4088 reditus

375 4112 594 4177 commutamus).

407 4201 441 4265 (5)
454 4202 525 4256 nov.
542 4204 565 4255 r.

408 4290 442 4352 (c)
456 4291 477 4350 1,
491 4290 529 4342 rr.
