3450 5234
834 499 994 561 „54-

388 641 631 713 iurisconsulti
651 638 788 711 romani
808 645 927 710 utrum
946 637 985 708 in
1005 637 1072 708 hac
1092 655 1129 707 ro
1154 633 1286 726 emptio
1306 640 1340 705 et
1357 651 1443 704 ren·

389 764 476 837 ditio
498 783 543 836 an
563 764 690 836 locatio
712 771 747 836 et
771 762 958 835 conductio
985 761 1252 834 contraheretur
1275 766 1310 831 ot
1333 757 1446 848 magis

389 889 550 981 placebat
573 889 784 961 locationem
807 885 1153 974 conductionumque
1179 902 1258 956 esse
1286 880 1350 977 (l).
1377 881 1448 955 Sed

391 1034 429 1088 re
456 1015 534 1106 Ipsa
561 1032 641 1086 vere
674 1013 859 1086 dominum
892 1010 1133 1104 possessionis
1163 1010 1274 1082 luisse
1297 1009 1449 1081 conduc-

391 1148 502 1213 torem
529 1147 740 1232 perpetuum
766 1138 956 1211 fatebimur
975 1138 1038 1228 qui
1058 1156 1136 1210 eam
1161 1137 1317 1209 alienare
1342 1136 1448 1208 etiam

393 1268 492 1338 rivus
519 1265 730 1359 pignorique
754 1264 862 1345 dare,
890 1264 928 1334 in
949 1262 1208 1335 usumlructum
1233 1261 1451 1333 constituere

392 1390 534 1481 sibique
553 1408 616 1480 per
636 1388 864 1461 interdictum
885 1385 1018 1460 deloco
1035 1385 1174 1481 publico
1198 1385 1353 1480 fruendo
1373 1385 1450 1457 rin-

392 1513 510 1586 dicare
529 1519 650 1605 posset
673 1509 735 1605 (a).

440 1642 541 1712 Nunc
560 1647 677 1711 autem
697 1639 932 1731 inspiciamus
959 1657 1005 1709 an
1029 1638 1092 1710 illa
1114 1638 1301 1711 locationis
1324 1656 1453 1730 genera

394 1764 429 1834 in
450 1764 544 1856 agris
563 1763 802 1855 imperatoriis
822 1771 1020 1836 occurrant.

442 1891 469 1960 l.
493 1890 649 1961 Primum
668 1889 855 1962 locationis
873 1891 1107 1980 temporariae
1126 1890 1237 1962 multa
1253 1897 1337 1961 sunt
1353 1890 1455 1961 vesti·
1474 1961 1477 1967 .

394 2017 450 2106 gia
476 2040 483 2086 :
513 2016 549 2086 in
576 2015 728 2106 Digestis
757 2033 862 2106 saepe
884 2015 1047 2087 videmus
1071 2013 1201 2087 lundos
1227 2013 1366 2086 fiscales
1392 2031 1456 2105 per

395 2158 512 2211 annos
531 2139 692 2230 quinque
711 2139 988 2213 conductoribus
1008 2140 1158 2220 locatos,
1178 2140 1239 2230 qui
1258 2139 1453 2217 cautiones,

395 2264 627 2337 fideiussores
653 2273 687 2337 et
709 2265 804 2336 bona
830 2266 975 2356 propria
999 2265 1137 2355 pignori
1161 2265 1245 2336 dare
1266 2264 1454 2346 deberent,

397 2391 458 2480 qui
483 2390 748 2479 possessionem
778 2408 879 2462 suam
904 2391 1031 2461 iterum
1057 2390 1221 2480 pluribus
1242 2390 1357 2461 locare
1375 2407 1457 2479 pos-

396 2520 488 2587 sent.
519 2515 802 2586 Removebautur
828 2535 850 2585 a
878 2514 1112 2587 conductione
1145 2514 1302 2586 minores
1336 2506 1458 2605 viginti

397 2639 557 2729 quinque
591 2639 696 2709 annis
729 2658 773 2710 ne
804 2640 975 2711 adversus
1008 2639 1234 2730 praediorum
1269 2638 1457 2710 utilitatem

397 2765 522 2837 aetatis
541 2763 715 2835 beneficio
734 2772 936 2847 uterentur,
958 2772 1187 2856 tutoresque,
1210 2765 1271 2855 qui
1297 2764 1458 2835 nondum

400 2890 554 2961 rationes
588 2888 693 2960 officii
725 2891 781 2961 sui
811 2890 1053 2966 reddidissent
1085 2888 1148 2984 (5).
1181 2891 1268 2963 llori
1303 2890 1460 2980 pessimo

315 3027 317 3032 ·
401 3014 667 3085 retinendorum
696 3020 777 3106 post
806 3021 947 3106 tempus
975 3015 1153 3107 expletum
1181 3013 1457 3095 conductorum,

400 3140 430 3210 si
444 3138 616 3211 tantidem
633 3141 708 3230 agri
721 3139 828 3212 locari
842 3158 916 3211 non
931 3140 1146 3231 potuissent,
1160 3140 1278 3212 obstat
1288 3137 1458 3211 Hadriani

401 3259 645 3357 rescriptum(
671 3259 700 3356 ),.

403 3570 437 3618 ad
459 3571 659 3619 conductiones
681 3569 861 3632 municipales
884 3570 1022 3632 pertinere
1043 3571 1119 3618 nullu
1139 3574 1299 3632 argumento
1321 3572 1462 3632 probatur.

435 3660 468 3723 (t)
483 3660 542 3717 Gai,
560 3660 637 3719 lust,
654 3659 702 3718 III,
720 3659 772 3709 145.

435 3750 467 3813 li)
482 3750 553 3812 Dig,
570 3750 617 3808 VI,
636 3751 658 3810 3,
677 3749 888 3812 lpr.;XIII,7,
906 3750 943 3809 16,
959 3750 971 3810 3
986 3749 1014 3809 2;
1031 3749 1091 3810 VII,
1108 3749 1130 3808 l,
1151 3749 1160 3798 l
1179 3762 1235 3813 pr.;
1251 3749 1298 3808 VI,
1314 3749 1337 3809 2,
1356 3748 1392 3808 lt,
1408 3749 1420 3810 ἕ
1435 3748 1463 3807 Ι,

405 3837 451 3896 VI,
469 3838 491 3899 3,
511 3837 603 3900 1,ξ1;
621 3837 718 3896 XLIII,
735 3839 758 3896 9,
776 3837 796 3898 t,
812 3837 824 3900 ἕ
842 3838 861 3887 l.

436 3927 467 3990 (3)
484 3927 555 3989 Dig„
572 3926 673 3985 XLIX,
692 3925 733 3986 ll,
750 3928 777 3990 3,
796 3927 851 3990 ξ6;
869 3927 912 3987 lt,
928 3927 940 3990 ξ
957 3927 983 3987 l;
1000 3927 1038 3987 l5,
1054 3943 1079 3990 p.
1099 3927 1167 3976 l3et
1184 3927 1229 3986 14;
1246 3927 1326 3986 XIX,
1342 3926 1365 3987 2,
1381 3925 1419 3976 le.
1435 3952 1467 3962 -

405 4016 435 4068 G.
453 4017 529 4076 lust..
546 4016 593 4075 vl,
610 4017 648 4076 ab,
663 4016 685 4066 4.

436 4105 469 4169 (l)
485 4105 557 4169 Dig„
574 4105 670 4165 XLIX,
689 4106 725 4170 ll,
742 4107 790 4170 33
807 4108 822 4157 6
840 4121 845 4156 :
864 4124 877 4154 o
895 4110 980 4156 Valde
995 4110 1173 4156 inhumanus
1191 4121 1252 4156 mos
1271 4112 1311 4156 est
1326 4110 1394 4168 iate,
1410 4119 1464 4166 ouo

406 4199 567 4244 retinentur
588 4199 775 4245 conductores
800 4199 980 4258 uectipalium
1007 4198 1189 4256 publicorum
1213 4204 1237 4244 ot
1262 4209 1396 4257 aprorum
1407 4196 1422 4256 ,’
1440 4197 1465 4244 si

407 4288 544 4334 tantidem
564 4288 651 4333 locari
667 4299 725 4333 ooo
739 4288 866 4345 pasalan
881 4299 950 4335 nam
966 4290 991 4335 et
1007 4287 1121 4344 facilius
1141 4287 1325 4334 invenientur
1344 4286 1464 4334 conduc·
