3450 5234
705 1435 852 1540 mrur
880 1469 1102 1544 1151111111.

584 1791 628 1843 DE
654 1791 876 1845 PRAEDIORUM
901 1792 1223 1847 tnutnrsunnuionu.

420 2077 522 2147 Nune
540 2074 724 2148 videamus
744 2081 883 2166 oportet
902 2075 1204 2165 quemadmodum
1224 2078 1313 2152 haee
1335 2099 1435 2171 prae·

374 2200 433 2272 dia
452 2199 802 2273 administrarentur.

420 2326 448 2396 1.
492 2325 650 2396 Praediis
679 2325 802 2416 pupuli
831 2327 982 2397 Romani
1009 2327 1046 2398 in
1074 2327 1176 2400 ltalia
1202 2330 1302 2414 sitis,
1329 2330 1433 2403 etiam

373 2468 484 2542 quum
503 2450 639 2522 reditus
655 2468 778 2522 eurum
798 2450 916 2522 adhue
934 2453 1072 2523 aerario
1093 2461 1304 2534 seruaretur.
1323 2455 1434 2546 impe·

371 2575 525 2648 raterius
546 2582 768 2667 procurator
795 2598 818 2646 a
842 2575 1034 2646 rationibus
1059 2578 1255 2668 praefuisse
1279 2579 1430 2653 videtur.

372 2701 535 2774 Vidimus
569 2703 665 2774 enim
699 2702 849 2774 missum
879 2720 958 2774 esse
988 2722 1009 2773 a
1034 2703 1182 2776 Claudio
1209 2707 1371 2778 tomitem
1399 2713 1434 2778 et

372 2827 526 2899 amicum
550 2826 596 2898 ad
626 2826 870 2917 inspiciendus
893 2845 996 2917 agros
1024 2827 1205 2917 publium,
1227 2849 1337 2921 quus,
1360 2831 1433 2904 sive

374 2959 619 3043 procuratores
644 2951 839 3024 vicinarum
867 2952 1148 3042 provinciarum,
1171 2956 1244 3053 sive
1268 2974 1432 3047 precura-

371 3084 466 3149 tores
503 3076 580 3149 tisri
618 3077 773 3158 fuerint,
809 3083 1003 3167 utcumque
1042 3077 1291 3168 imperatorios
1322 3079 1433 3152 fuisse

372 3207 522 3272 constat.

420 3326 458 3396 ln
477 3325 668 3416 provintiis
683 3333 801 3398 autem
819 3327 1022 3408 senatoriis,
1041 3330 1241 3418 quaestoris
1258 3329 1374 3401 laeum
1394 3329 1432 3399 in

370 3451 667 3523 administrandis
701 3452 774 3523 11115
802 3451 959 3542 praediis
983 3472 1004 3523 a
1029 3461 1256 3543 procuratore
1283 3474 1432 3546 usurpa·

371 3583 446 3647 tum
472 3594 550 3648 esse
570 3576 763 3648 verisimile
783 3584 837 3648 est
861 3596 1068 3668 quanquam
1094 3578 1226 3650 desunt
1252 3581 1303 3651 rei
1329 3599 1432 3671 argu·

261 3716 264 3721 ·
371 3707 510 3779 menta,
528 3719 593 3772 nee
611 3699 760 3771 dubium
781 3709 835 3773 est
854 3703 943 3792 quin
962 3702 1108 3792 praedia
1127 3702 1206 3793 ipsa
1229 3721 1309 3774 uum
1330 3701 1431 3774 dsue-

369 3825 465 3898 libus
501 3824 623 3897 fundis
658 3825 729 3896 iam
762 3826 808 3896 ab
841 3826 1013 3898 Hadriani
1050 3832 1209 3917 tempore
1245 3827 1284 3896 iu
1318 3846 1430 3898 unum

369 3950 553 4023 cesserint.

418 4077 461 4148 11.
504 4076 647 4149 Fundus
675 4076 813 4150 fiscales
840 4077 878 4148 in
907 4077 1009 4148 ltalia
1040 4076 1086 4147 ad
1111 4081 1380 4169 procuratorem
1406 4098 1431 4146 a

367 4198 579 4282 rationibus,
601 4201 638 4271 in
661 4201 853 4292 provinciis
880 4201 926 4272 ad
945 4207 1209 4291 procuratorem
1229 4200 1305 4272 fisci
1325 4201 1431 4291 perti-

368 4344 453 4403 nere
481 4333 614 4403 eertum
642 4333 715 4409 est,
738 4345 844 4422 quem
869 4325 1044 4400 fiscalium
1075 4327 1292 4402 familiarum
1317 4325 1429 4399 demi-
