3450 5234
833 549 993 611 -rc-
1107 629 1113 638 ι

365 675 731 761 'administrationem
748 686 955 778 compositis
975 685 1235 777 praesidentes,
1254 692 1294 758 ut
1308 683 1450 778 repient

387 811 598 885 Coiodriooe
626 809 696 906 (i),
723 829 786 902 per
809 810 974 901 Apuliam
995 816 1030 882 et
1042 809 1262 891 Calabriam,
1278 811 1448 882 tractuive

385 940 579 1030 Campano,
601 957 623 1007 a
642 937 761 1008 Caieta
789 936 834 1006 ad
854 935 1079 1006 Tarracinam
1103 941 1285 1026 porrecto,
1307 936 1447 1006 111Ρο-

388 1064 478 1136 lensi
493 1060 670 1160 territorio
691 1058 737 1154 (t)
760 1060 822 1131 uhi
844 1068 973 1151 magna
988 1059 1134 1151 praedia
1152 1065 1188 1131 ot
1201 1059 1321 1131 forsan
1343 1059 1447 1132 statio

387 1190 531 1282 propria
549 1186 660 1259 iuisso
681 1186 833 1258 videtur.

436 1316 476 1385 ln
504 1311 695 1403 provinciis
718 1318 837 1382 autem
858 1311 970 1380 muita
997 1309 1184 1400 inprimis
1210 1308 1390 1381 dedimus
1415 1315 1451 1381 et

329 1475 333 1482 ·
389 1440 544 1530 Aegypto
561 1438 811 1508 innotuerunt.

438 1564 553 1636 dirica
572 1563 667 1635 enim
684 1562 786 1652 quasi
803 1561 1018 1652 patrimonio
1034 1560 1174 1633 addicta
1188 1561 1303 1633 iuerat
1320 1578 1363 1632 ex
1378 1579 1449 1651 quo

388 1689 519 1762 Neroni
548 1687 720 1778 obtigerat
749 1686 928 1758 hereditas
957 1686 1191 1758 auxiliorum
1221 1685 1449 1757 dominorum

390 1812 452 1904 qui
468 1812 652 1884 semissem
666 1809 802 1881 diricae
813 1809 1049 1899 possidebant
1068 1808 1132 1903 (5).
1150 1810 1263 1881 Testis
1278 1817 1331 1880 est
1346 1810 1452 1880 Fron·

390 1938 488 2009 tinus
508 1933 553 2030 (1)
578 1935 781 2025 frequentes
801 1934 914 2006 inisse
933 1935 1191 2006 controversias
1212 1935 1307 2006 inter
1326 1934 1452 2006 Caesa·

390 2080 463 2134 rem
480 2068 514 2133 et
529 2060 671 2131 urbium
692 2059 838 2131 ordines
855 2059 916 2150 qui
941 2078 1090 2132 munera
1108 2060 1264 2151 praediis
1279 2059 1449 2140 indicere,

390 2191 451 2255 aut
466 2191 625 2255 vecturas
645 2182 699 2254 vel
715 2182 835 2272 copias
852 2180 1078 2254 devehendas
1097 2182 1221 2254 iubere
1240 2190 1301 2254 aut
1319 2182 1453 2254 tirones

390 2327 433 2380 ex
454 2307 540 2379 vicis
567 2309 680 2398 legere
701 2306 846 2378 velient.
871 2307 968 2392 Quae
987 2306 1108 2377 omnia
1132 2305 1371 2398 pulcherrimo
1390 2305 1453 2376 iiio

390 2432 493 2504 titulo
514 2432 626 2504 saltus
648 2413 859 2502 Burunitani
880 2430 1088 2502 confirmata
1115 2439 1200 2503 suut
1222 2426 1286 2524 (t),
1311 2428 1354 2502 de
1382 2448 1453 2521 quo

391 2558 484 2628 inira
506 2558 707 2648 loquemur.

440 2684 513 2754 Hoc
533 2700 614 2754 vero
641 2680 844 2753 Africanum
873 2682 1149 2773 patrimonium,
1172 2700 1237 2754 seu
1259 2682 1305 2752 ab
1324 2682 1442 2763 initio,

392 2826 456 2879 sen
477 2813 581 2897 prout
600 2805 743 2898 praedia
763 2807 1049 2897 acquirerentur,
1072 2806 1110 2876 in
1130 2813 1249 2896 partes
1276 2805 1451 2897 quasdam

424 3077 457 3142 (1)
474 3082 500 3130 G.
514 3083 535 3128 I,
550 3083 591 3136 L,
607 3077 640 3136 X,
659 3076 718 3126 1795
734 3090 739 3125 :
758 3092 769 3123 u
786 3076 953 3127 Procurator
967 3078 1089 3140 regionis
1104 3076 1273 3128 Calabricae.
1291 3095 1303 3125 n

424 3167 457 3231 (1)
471 3172 497 3217 G.
514 3173 535 3218 I.
554 3172 594 3229 L„
609 3167 643 3228 V,
660 3181 687 3230 p.
704 3166 726 3227 3,
743 3173 781 3213 n⁰¹
799 3165 835 3226 12,
853 3165 891 3225 37,
908 3166 947 3225 38,
965 3166 1003 3227 39,
1019 3165 1058 3227 41,
1074 3165 1113 3226 tt,
1128 3165 1167 3216 43.

365 3276 367 3281 ·
425 3256 457 3321 (3)
473 3257 553 3318 Plin.,
567 3260 600 3307 H.
616 3259 659 3318 N,
678 3254 716 3316 18,
732 3255 755 3314 6,
772 3254 810 3304 35.

425 3347 458 3410 (1)
474 3347 504 3396 P.
517 3347 546 3396 53
562 3361 568 3395 :
586 3345 722 3396 «Habent
739 3350 830 3394 autem
845 3346 875 3394 iu
890 3346 1006 3395 saltibus
1022 3347 1122 3408 privati
1141 3360 1198 3397 non
1220 3347 1351 3408 exiguum
1368 3361 1457 3411 popu·

394 3438 452 3485 lum
465 3437 603 3499 piabeIum
619 3440 646 3485 ct
660 3436 737 3486 vicos
754 3435 827 3484 circa
841 3435 934 3484 viliam
949 3435 978 3483 in
993 3435 1105 3484 modum
1120 3436 1313 3488 munitionum,
1331 3436 1399 3485 Tum
1413 3449 1458 3484 res

395 3526 521 3588 publicae
536 3525 739 3574 controversias
755 3525 789 3572 de
804 3525 864 3572 iure
881 3521 1014 3573 terrItorIi
1030 3525 1120 3573 solent
1135 3539 1246 3574 movere
1261 3525 1336 3587 quod
1353 3529 1400 3574 aut
1414 3525 1458 3573 in-

396 3614 488 3664 dicere
505 3596 619 3663 muuera
634 3615 726 3662 dicant
741 3619 870 3677 oportere
884 3615 914 3662 in
929 3627 962 3662 ea
978 3619 1055 3678 parte
1073 3615 1144 3676 soli,
1164 3619 1211 3663 aut
1230 3615 1322 3678 legera
1342 3616 1459 3664 tironem

397 3719 431 3753 ex
445 3705 507 3754 vico
523 3708 571 3752 aut
584 3707 712 3753 vecturas
735 3708 781 3752 aut
802 3704 896 3766 copias
916 3705 1091 3754 devehendas
1113 3704 1235 3753 indicare
1251 3705 1290 3753 eis
1305 3704 1374 3753 Iocis
1389 3718 1459 3766 quae

396 3794 457 3842 loca
480 3807 524 3842 res
553 3793 679 3856 publicae
704 3793 831 3842 adserere
852 3798 996 3842 conantur.
1026 3793 1168 3842 Eiusmodi
1193 3794 1256 3842 lites
1279 3806 1335 3842 non
1354 3798 1460 3843 tantum

398 3896 460 3930 cum
474 3881 589 3944 privetis
610 3881 767 3930 hominibus
784 3883 900 3939 habent,
917 3883 965 3931 sed
986 3887 1013 3930 ot
1027 3883 1188 3944 plerumque
1203 3897 1265 3931 cum
1282 3881 1399 3932 Caesare
1413 3884 1459 3945 qui

398 3973 427 4018 in
442 3970 585 4034 provincia
600 3983 656 4018 non
671 3970 802 4033 exiguum
817 3971 951 4033 possidet.
969 3987 981 4016 u

430 4062 462 4125 (5)
479 4060 519 4111 Cf.
536 4064 666 4120 Hermes,
683 4060 742 4119 XV,
759 4061 807 4110 ubi
822 4061 896 4109 inest
911 4061 1007 4109 titulus
1023 4074 1085 4108 cum
1105 4059 1277 4110 Mommsenii
1293 4064 1460 4109 commenta·

399 4153 483 4204 tione.
498 4151 618 4210 Esmein,
634 4153 784 4212 Mdtartpes,
799 4156 851 4200 Les
866 4154 963 4200 colons
978 4155 1017 4200 du
1032 4154 1128 4200 Saltus
1142 4153 1352 4199 Burunitanus.
1367 4149 1460 4198 Fustel

401 4243 434 4292 de
450 4242 619 4304 Coulangos,
635 4244 803 4290 Recherches
818 4255 870 4290 sur
883 4244 1016 4302 quelques
1029 4244 1188 4301 proclames
1202 4243 1355 4300 d’hr'stor're,
1371 4243 1395 4288 ta
1410 4245 1460 4290 Go-

402 4335 488 4393 ionat,
504 4347 530 4394 p.
547 4330 637 4391 ‘st-im
655 4335 716 4382 (1.1.
731 4335 770 4392 L.,
786 4330 861 4391 VIII,
880 4329 964 4380 rosto.
