3450 5234
671 1447 813 1518 CAPUT
839 1448 1046 1520 TERTIUM.

421 1771 686 1838 anutuuoouu
705 1769 942 1824 Pnrutuotttdtu
964 1768 1298 1824 nunusutrunnnruu.

377 2054 611 2144 Exploremns
650 2071 746 2124 nunc
790 2052 1091 2143 quemadmodum
1133 2054 1389 2143 patrimonium

329 2177 419 2250 illud
448 2177 759 2250 transmitteretur.
794 2176 970 2263 Quamdiu
1006 2179 1092 2269 gens
1121 2177 1210 2249 iulia
1243 2179 1392 2250 Claudia

329 2303 518 2392 imperinm
539 2303 673 2383 tenuit,
696 2301 875 2373 hereditas
896 2303 932 2372 in
959 2302 1080 2374 eadem
1109 2303 1212 2393 quasi
1233 2304 1388 2393 privato·

267 2468 269 2474 ·
328 2446 407 2499 rum
428 2427 580 2510 familia,
607 2427 803 2499 secundum
831 2426 1049 2497 ordinariam
1079 2402 1315 2499 successionis
1337 2433 1390 2500 se·

328 2550 415 2624 riem
436 2551 645 2643 permansit.
670 2552 727 2622 Sic
753 2551 790 2622 in
818 2551 886 2622 hac
903 2551 1056 2622 formula
1078 2573 1095 2615 u
1117 2549 1313 2620 tabularius
1330 2573 1391 2620 rc-

326 2673 428 2744 ttocts
447 2673 661 2766 patrimonii
694 2673 892 2746 Caesarum
912 2671 981 2768 (t),
1007 2693 1080 2746 nen
1101 2676 1261 2748 Caesaris
1282 2677 1391 2766 hujus

257 2836 265 2850 ·
327 2808 388 2891 ant
408 2801 525 2886 iltius,
548 2801 611 2874 sed
627 2802 816 2874 Caesarum
832 2801 1057 2892 generaliter,
1079 2800 1297 2891 quicumque
1317 2821 1390 2893 reg·

327 2945 413 2997 num
435 2927 616 3009 obtineat,
640 2927 856 2998 mentionem
883 2925 959 2998 fieri
981 2924 1181 2996 Hirehsietd
1202 2932 1293 2996 recte
1314 2928 1390 2996 ani·

327 3050 527 3146 madvertit.
550 3052 608 3122 Sic
626 3051 805 3123 Tiberium
827 3049 977 3141 Augusti
1000 3057 1034 3121 et
1059 3048 1189 3131 Liviae,
1214 3044 1391 3120 Neronem

326 3175 402 3248 Caii
435 3182 469 3247 et
499 3177 622 3247 matris
644 3175 859 3266 Agrippinae
893 3173 1058 3246 heredem
1097 3192 1176 3245 esse
1212 3175 1386 3265 comperi·

327 3319 407 3372 mus
442 3297 506 3393 (i).
538 3302 715 3372 Hactenus
740 3299 847 3391 igitur
874 3299 1064 3390 privatam,
1102 3305 1139 3370 ut
1171 3298 1385 3382 indicam,

326 3423 558 3498 hereditatem
579 3425 766 3496 habemns,

374 3552 460 3622 Ecce
480 3556 598 3621 antem
624 3550 705 3620 novi
725 3548 885 3639 aliquid,
914 3547 1042 3620 Flauiis
1069 3549 1258 3640 imperium
1287 3568 1387 3621 occu-

327 3675 513 3766 pantihuS,
533 3682 702 3767 apparet,
724 3676 933 3766 inquorum
953 3674 1217 3764 possessionem
1237 3693 1307 3746 non
1330 3695 1386 3746 so·

327 3803 399 3873 lum
414 3801 604 3873 Caesarum
619 3819 769 3881 nomen,
786 3800 849 3872 sed
866 3808 900 3872 et
912 3779 1164 3890 patrimonium
1186 3801 1294 3872 venit.
1318 3802 1385 3872 Res

328 3925 448 3998 multis
467 3927 685 4017 argumentis
708 3924 971 4015 comprobatur.
996 3924 1053 3996 Sic
1075 3923 1328 4017 Pausilippns(
1354 3922 1382 4017 ),

358 4170 510 4235 titutum..
528 4170 595 4221 1352.

357 4259 389 4324 (i)
401 4258 488 4311 Cuius
503 4259 544 4308 rei
558 4263 719 4322 argumenta
734 4259 890 4310 videbimus
905 4258 985 4308 infra.

357 4348 388 4421 (i)
401 4348 454 4398 Dio
470 4347 557 4409 Geso„
573 4349 612 4412 54,
627 4347 665 4399 23.
681 4373 713 4386 -
728 4349 808 4412 Ptin„
824 4353 856 4398 H.
873 4353 916 4412 Ν.,
931 4347 983 4408 ΙΧ,
998 4347 1010 4409 ἓ
1025 4346 1077 4399 167.
