3450 5234
617 1070 776 1159 INDEX
806 1070 1023 1160 CAPITUM

286 1726 461 1778 Pnoonuunr
466 1760 1282 1783 ...........................
1334 1733 1348 1780 5

681 1923 792 1986 mus
813 1923 958 1987 rnron.
1066 2012 1069 2015 Ι

287 2123 327 2165 Uss
355 2122 444 2167 Adrus
474 2125 631 2179 rutmors,
661 2127 857 2183 FISCALIBUS,
886 2128 1094 2180 RATIONISQUE
1126 2128 1280 2171 PIIIVATAE
1312 2129 1351 2171 ET

337 2232 523 2275 PATRIMOMII
538 2234 577 2275 AB
592 2233 726 2278 AUGUSTI
744 2234 866 2276 AETATE
882 2234 981 2286 usQUn
996 2236 1036 2277 AD
1056 2235 1302 2280 DIOCLETIANUM·
1401 2302 1404 2309 Ι

672 2428 794 2479 CAPUT
809 2428 962 2479 PRIMUM.

284 2514 326 2564 De
351 2530 479 2579 agrorum
498 2516 672 2578 publicorum
692 2517 829 2568 divisione
848 2518 920 2566 iacta
944 2520 1016 2567 inter
1033 2520 1170 2567 aerarium
1192 2520 1287 2583 populi

317 2605 424 2655 romani
438 2608 465 2654 et
479 2605 576 2654 fiscum
590 2605 717 2656 Caesaris
722 2640 841 2656 .....
868 2648 871 2654 .
898 2643 1280 2661 .............
1335 2610 1348 2658 7

645 2720 766 2771 CAPUT
784 2721 994 2773 SECUNDUM.

286 2808 328 2857 De
342 2821 415 2857 novo
435 2809 601 2872 patrimonio
616 2810 731 2873 eiusque
746 2812 870 2862 fontibus
877 2846 1281 2865 ..............
1321 2815 1350 2865 15

665 2925 786 2976 CAPUT
803 2928 974 2981 TERTIUM.

289 3013 527 3073 Quemadmodum
543 3015 740 3077 patrimonium
753 3019 986 3068 transmitteretur
991 3054 1283 3073 ..........
1320 3022 1347 3072 tt

654 3131 775 3183 CAPUT
793 3134 982 3193 QUARTUM.

287 3218 329 3269 De
348 3220 455 3269 ratione
473 3220 581 3283 privata
585 3254 1285 3279 .......................
1320 3227 1350 3277 27

659 3332 780 3385 CAPUT
798 3335 976 3395 QUINTUM.

288 3418 328 3467 De
343 3417 461 3470 diversis
474 3420 589 3468 rationis
604 3420 728 3482 privatae
743 3424 770 3469 et
785 3421 945 3483 patrimonii
962 3424 1083 3486 praediis
1089 3458 1284 3478 .......
1321 3426 1351 3477 30

674 3534 795 3585 CAPUT
810 3536 966 3589 SEXTUM.

287 3624 328 3675 De
343 3627 531 3688 Augustarum
545 3626 732 3689 iuvenumque
754 3627 910 3689 principum
926 3628 1019 3677 IundIs
1025 3664 1284 3684 .........
1321 3632 1351 3681 37

650 3740 772 3791 CAPUT
790 3741 984 3793 SEPTIMUM.

289 3830 362 3889 Quid
377 3831 411 3879 ad
426 3843 484 3879 rem
496 3834 618 3879 nostram
632 3832 775 3879 conferant
787 3831 952 3881 donationes
966 3847 982 3879 a
996 3831 1180 3883 Constantino
1196 3834 1287 3885 Eccle-

318 3920 366 3969 siis
380 3921 468 3969 iactae
473 3954 1283 3975 ...........................
1319 3925 1350 3975 39

657 4036 778 4088 CAPUT
796 4032 983 4089 OCTAVUM.

287 4128 329 4177 De
344 4128 520 4191 praediorum
534 4127 772 4177 administratione
776 4159 1281 4182 .................
1318 4129 1348 4179 It

685 4243 806 4295 CAPUT
820 4243 961 4294 NONUM.

289 4336 330 4384 De
345 4336 520 4397 praediorum
536 4336 643 4383 cultura
658 4335 897 4396 locutionibusque
913 4335 1079 4396 temporaria
1094 4338 1120 4383 et
1137 4339 1282 4397 perpetua.
1318 4337 1345 4385 51
