<?xml version="1.0" encoding="UTF-8"?>
<!DOCTYPE html PUBLIC "-//W3C//DTD XHTML 1.0 Transitional//EN"
    "http://www.w3.org/TR/xhtml1/DTD/xhtml1-transitional.dtd">
<html xmlns="http://www.w3.org/1999/xhtml" xml:lang="en" lang="en">
 <head>
  <title>
</title>
<meta http-equiv="Content-Type" content="text/html;charset=utf-8" />
  <meta name='ocr-system' content='tesseract 3.04.00' />
  <meta name='ocr-capabilities' content='ocr_page ocr_carea ocr_par ocr_line ocrx_word'/>
</head>
<body>
  <div class='ocr_page' id='page_1' title='image "./deagrispublicis00lcgoog_0060.png"; bbox 0 0 3450 5234; ppageno 0'>
   <div class='ocr_carea' id='block_1_1' title="bbox 838 473 999 536">
    <p class='ocr_par' dir='ltr' id='par_1_1' title="bbox 838 473 999 536">
     <span class='ocr_line' id='line_1_1' title="bbox 838 473 999 536; baseline -0.006 -16"><span class='ocrx_word' id='word_1_1' title='bbox 838 473 999 536; x_wconf 72' lang='lat'>..55-</span> 
     </span>
    </p>
   </div>
   <div class='ocr_carea' id='block_1_2' title="bbox 386 611 1456 2577">
    <p class='ocr_par' dir='ltr' id='par_1_2' title="bbox 389 611 1447 831">
     <span class='ocr_line' id='line_1_2' title="bbox 390 611 1447 706; baseline -0.009 -18"><span class='ocrx_word' id='word_1_2' title='bbox 390 615 536 688; x_wconf 82' lang='lat' dir='ltr'>tondum</span> <span class='ocrx_word' id='word_1_3' title='bbox 552 622 606 687; x_wconf 85' lang='lat' dir='ltr'>est</span> <span class='ocrx_word' id='word_1_4' title='bbox 625 614 736 706; x_wconf 81' lang='lat' dir='ltr'>magis</span> <span class='ocrx_word' id='word_1_5' title='bbox 753 621 861 705; x_wconf 88' lang='lat' dir='ltr'>atque</span> <span class='ocrx_word' id='word_1_6' title='bbox 881 612 994 704; x_wconf 78' lang='lat' dir='ltr'>magis</span> <span class='ocrx_word' id='word_1_7' title='bbox 1010 611 1282 685; x_wconf 86' lang='lat' dir='ltr'>conductionem</span> <span class='ocrx_word' id='word_1_8' title='bbox 1299 627 1341 680; x_wconf 84' lang='lat' dir='ltr'>ex</span> <span class='ocrx_word' id='word_1_9' title='bbox 1359 614 1447 680; x_wconf 88' lang='lat' dir='ltr'>tem-</span> 
     </span>
     <span class='ocr_line' id='line_1_3' title="bbox 389 737 868 831; baseline -0.006 -20"><span class='ocrx_word' id='word_1_10' title='bbox 389 740 530 831; x_wconf 90' lang='lat' dir='ltr'>poraria</span> <span class='ocrx_word' id='word_1_11' title='bbox 549 746 755 830; x_wconf 89' lang='lat' dir='ltr'>perpetuam</span> <span class='ocrx_word' id='word_1_12' title='bbox 776 737 868 809; x_wconf 87' lang='lat' dir='ltr'>lieri.</span> 
     </span>
    </p>

    <p class='ocr_par' dir='ltr' id='par_1_3' title="bbox 389 859 1449 1312">
     <span class='ocr_line' id='line_1_4' title="bbox 437 859 1449 955; baseline -0.006 -19"><span class='ocrx_word' id='word_1_13' title='bbox 437 867 481 936; x_wconf 95' lang='lat' dir='ltr'>ll.</span> <span class='ocrx_word' id='word_1_14' title='bbox 502 865 757 937; x_wconf 81' lang='lat' dir='ltr'>conductionis</span> <span class='ocrx_word' id='word_1_15' title='bbox 773 870 978 955; x_wconf 77' lang='lat' dir='ltr'>perpetuae,</span> <span class='ocrx_word' id='word_1_16' title='bbox 998 863 1035 933; x_wconf 94' lang='lat' dir='ltr'>in</span> <span class='ocrx_word' id='word_1_17' title='bbox 1051 861 1262 952; x_wconf 90' lang='lat' dir='ltr'>plenissima</span> <span class='ocrx_word' id='word_1_18' title='bbox 1275 859 1353 930; x_wconf 90' lang='lat' dir='ltr'>luce</span> <span class='ocrx_word' id='word_1_19' title='bbox 1366 866 1449 949; x_wconf 89' lang='lat' dir='ltr'>post</span> 
     </span>
     <span class='ocr_line' id='line_1_5' title="bbox 389 983 1447 1078; baseline -0.008 -17"><span class='ocrx_word' id='word_1_20' title='bbox 389 989 646 1061; x_wconf 78' lang='lat' dir='ltr'>Diocletianum</span> <span class='ocrx_word' id='word_1_21' title='bbox 667 989 803 1078; x_wconf 81' lang='lat' dir='ltr'>positae</span> <span class='ocrx_word' id='word_1_22' title='bbox 820 988 917 1078; x_wconf 83' lang='lat' dir='ltr'>origo</span> <span class='ocrx_word' id='word_1_23' title='bbox 933 987 1031 1058; x_wconf 90' lang='lat' dir='ltr'>latet.</span> <span class='ocrx_word' id='word_1_24' title='bbox 1045 985 1226 1058; x_wconf 91' lang='lat' dir='ltr'>Nonnulla</span> <span class='ocrx_word' id='word_1_25' title='bbox 1235 991 1354 1056; x_wconf 86' lang='lat' dir='ltr'>tamen</span> <span class='ocrx_word' id='word_1_26' title='bbox 1369 983 1447 1054; x_wconf 91' lang='lat' dir='ltr'>eins</span> 
     </span>
     <span class='ocr_line' id='line_1_6' title="bbox 389 1109 1445 1204; baseline -0.006 -20"><span class='ocrx_word' id='word_1_27' title='bbox 389 1113 536 1204; x_wconf 83' lang='lat' dir='ltr'>vestigia</span> <span class='ocrx_word' id='word_1_28' title='bbox 556 1114 662 1185; x_wconf 89' lang='lat' dir='ltr'>etiam</span> <span class='ocrx_word' id='word_1_29' title='bbox 689 1113 727 1183; x_wconf 92' lang='lat' dir='ltr'>iu</span> <span class='ocrx_word' id='word_1_30' title='bbox 754 1118 877 1183; x_wconf 87' lang='lat' dir='ltr'>nostro</span> <span class='ocrx_word' id='word_1_31' title='bbox 903 1116 1062 1201; x_wconf 89' lang='lat' dir='ltr'>tempore</span> <span class='ocrx_word' id='word_1_32' title='bbox 1088 1109 1290 1201; x_wconf 76' lang='lat' dir='ltr'>recolligere</span> <span class='ocrx_word' id='word_1_33' title='bbox 1317 1126 1445 1200; x_wconf 92' lang='lat' dir='ltr'>posso-</span> 
     </span>
     <span class='ocr_line' id='line_1_7' title="bbox 390 1257 484 1312; baseline 0 -2"><span class='ocrx_word' id='word_1_34' title='bbox 390 1257 484 1312; x_wconf 92' lang='lat' dir='ltr'>mus.</span> 
     </span>
    </p>

    <p class='ocr_par' dir='ltr' id='par_1_4' title="bbox 386 1359 1456 2453">
     <span class='ocr_line' id='line_1_8' title="bbox 438 1359 1450 1452; baseline -0.007 -16"><span class='ocrx_word' id='word_1_35' title='bbox 438 1365 516 1436; x_wconf 92' lang='lat' dir='ltr'>Nou</span> <span class='ocrx_word' id='word_1_36' title='bbox 536 1362 712 1434; x_wconf 87' lang='lat' dir='ltr'>assentior</span> <span class='ocrx_word' id='word_1_37' title='bbox 739 1361 979 1452; x_wconf 78' lang='lat' dir='ltr'>Marquaroltio</span> <span class='ocrx_word' id='word_1_38' title='bbox 1000 1361 1045 1433; x_wconf 91' lang='lat' dir='ltr'>de</span> <span class='ocrx_word' id='word_1_39' title='bbox 1067 1360 1173 1433; x_wconf 89' lang='lat' dir='ltr'>bonis</span> <span class='ocrx_word' id='word_1_40' title='bbox 1191 1359 1374 1431; x_wconf 83' lang='lat' dir='ltr'>fiscalibus</span> <span class='ocrx_word' id='word_1_41' title='bbox 1394 1359 1450 1449; x_wconf 79' lang='lat' dir='ltr'>agi</span> 
     </span>
     <span class='ocr_line' id='line_1_9' title="bbox 392 1481 1454 1580; baseline -0.008 -19"><span class='ocrx_word' id='word_1_42' title='bbox 392 1488 548 1561; x_wconf 91' lang='lat' dir='ltr'>credenti</span> <span class='ocrx_word' id='word_1_43' title='bbox 569 1488 606 1559; x_wconf 93' lang='lat' dir='ltr'>in</span> <span class='ocrx_word' id='word_1_44' title='bbox 626 1488 694 1559; x_wconf 92' lang='lat' dir='ltr'>hoc</span> <span class='ocrx_word' id='word_1_45' title='bbox 713 1486 814 1558; x_wconf 87' lang='lat' dir='ltr'>Pauli</span> <span class='ocrx_word' id='word_1_46' title='bbox 843 1486 1040 1578; x_wconf 80' lang='lat' dir='ltr'>fragmento</span> <span class='ocrx_word' id='word_1_47' title='bbox 1064 1483 1111 1580; x_wconf 84' lang='lat' dir='ltr'>(l)</span> <span class='ocrx_word' id='word_1_48' title='bbox 1133 1511 1142 1557; x_wconf 90' lang='lat'>:</span> <span class='ocrx_word' id='word_1_49' title='bbox 1170 1483 1302 1577; x_wconf 78' lang='lat' dir='ltr'>«Apri</span> <span class='ocrx_word' id='word_1_50' title='bbox 1317 1481 1454 1576; x_wconf 74' lang='lat' dir='ltr'>pattici</span> 
     </span>
     <span class='ocr_line' id='line_1_10' title="bbox 390 1608 1453 1708; baseline -0.003 -26"><span class='ocrx_word' id='word_1_51' title='bbox 390 1613 451 1708; x_wconf 79' lang='lat' dir='ltr'>qni</span> <span class='ocrx_word' id='word_1_52' title='bbox 468 1611 504 1681; x_wconf 82' lang='lat' dir='ltr'>in</span> <span class='ocrx_word' id='word_1_53' title='bbox 518 1618 727 1705; x_wconf 80' lang='lat' dir='ltr'>perpetuum</span> <span class='ocrx_word' id='word_1_54' title='bbox 745 1611 906 1682; x_wconf 76' lang='lat' dir='ltr'>locontur</span> <span class='ocrx_word' id='word_1_55' title='bbox 925 1634 948 1681; x_wconf 87' lang='lat' dir='ltr'>a</span> <span class='ocrx_word' id='word_1_56' title='bbox 964 1616 1130 1682; x_wconf 82' lang='lat' dir='ltr'>curatore</span> <span class='ocrx_word' id='word_1_57' title='bbox 1148 1610 1221 1680; x_wconf 81' lang='lat' dir='ltr'>sinc</span> <span class='ocrx_word' id='word_1_58' title='bbox 1244 1608 1453 1680; x_wconf 68' lang='lat' dir='ltr'>comunitate</span> 
     </span>
     <span class='ocr_line' id='line_1_11' title="bbox 386 1735 1452 1831; baseline -0.001 -26"><span class='ocrx_word' id='word_1_59' title='bbox 386 1735 588 1831; x_wconf 74' lang='lat' dir='ltr'>principali</span> <span class='ocrx_word' id='word_1_60' title='bbox 605 1735 771 1808; x_wconf 80' lang='lat' dir='ltr'>reuocari</span> <span class='ocrx_word' id='word_1_61' title='bbox 788 1758 860 1805; x_wconf 86' lang='lat' dir='ltr'>non</span> <span class='ocrx_word' id='word_1_62' title='bbox 874 1742 1031 1829; x_wconf 82' lang='lat' dir='ltr'>possunt.</span> <span class='ocrx_word' id='word_1_63' title='bbox 1051 1763 1066 1800; x_wconf 71' lang='lat' dir='ltr'>u</span> <span class='ocrx_word' id='word_1_64' title='bbox 1088 1736 1256 1823; x_wconf 83' lang='lat' dir='ltr'>Quamuis</span> <span class='ocrx_word' id='word_1_65' title='bbox 1275 1736 1371 1806; x_wconf 84' lang='lat' dir='ltr'>enim</span> <span class='ocrx_word' id='word_1_66' title='bbox 1390 1735 1452 1805; x_wconf 91' lang='lat' dir='ltr'>ali·</span> 
     </span>
     <span class='ocr_line' id='line_1_12' title="bbox 394 1860 1452 1953; baseline -0.003 -19"><span class='ocrx_word' id='word_1_67' title='bbox 394 1862 538 1952; x_wconf 86' lang='lat' dir='ltr'>quando</span> <span class='ocrx_word' id='word_1_68' title='bbox 559 1863 596 1932; x_wconf 93' lang='lat' dir='ltr'>in</span> <span class='ocrx_word' id='word_1_69' title='bbox 617 1862 770 1953; x_wconf 82' lang='lat' dir='ltr'>Digestis</span> <span class='ocrx_word' id='word_1_70' title='bbox 784 1861 871 1953; x_wconf 75' lang='lat' dir='ltr'>oprt&#39;</span> <span class='ocrx_word' id='word_1_71' title='bbox 883 1861 1014 1953; x_wconf 79' lang='lat' dir='ltr'>pattici</span> <span class='ocrx_word' id='word_1_72' title='bbox 1029 1861 1075 1933; x_wconf 90' lang='lat' dir='ltr'>ad</span> <span class='ocrx_word' id='word_1_73' title='bbox 1090 1860 1216 1933; x_wconf 87' lang='lat' dir='ltr'>liscum</span> <span class='ocrx_word' id='word_1_74' title='bbox 1235 1860 1452 1952; x_wconf 89' lang='lat' dir='ltr'>pertineant,</span> 
     </span>
     <span class='ocr_line' id='line_1_13' title="bbox 392 1986 1454 2078; baseline -0.003 -20"><span class='ocrx_word' id='word_1_75' title='bbox 392 1995 510 2059; x_wconf 92' lang='lat' dir='ltr'>tamen</span> <span class='ocrx_word' id='word_1_76' title='bbox 529 1987 587 2059; x_wconf 90' lang='lat' dir='ltr'>lric</span> <span class='ocrx_word' id='word_1_77' title='bbox 605 1987 700 2058; x_wconf 88' lang='lat' dir='ltr'>Dona</span> <span class='ocrx_word' id='word_1_78' title='bbox 719 1987 950 2077; x_wconf 81' lang='lat' dir='ltr'>municipalia</span> <span class='ocrx_word' id='word_1_79' title='bbox 966 1986 1117 2078; x_wconf 81' lang='lat' dir='ltr'>intelligi</span> <span class='ocrx_word' id='word_1_80' title='bbox 1137 1988 1264 2077; x_wconf 85' lang='lat' dir='ltr'>liquet,</span> <span class='ocrx_word' id='word_1_81' title='bbox 1282 1986 1454 2077; x_wconf 85' lang='lat' dir='ltr'>quoniam</span> 
     </span>
     <span class='ocr_line' id='line_1_14' title="bbox 396 2109 1456 2203; baseline -0.002 -20"><span class='ocrx_word' id='word_1_82' title='bbox 396 2112 512 2203; x_wconf 84' lang='lat' dir='ltr'>agitur</span> <span class='ocrx_word' id='word_1_83' title='bbox 532 2110 575 2183; x_wconf 90' lang='lat' dir='ltr'>de</span> <span class='ocrx_word' id='word_1_84' title='bbox 594 2122 761 2180; x_wconf 80' lang='lat' dir='ltr'>curatore</span> <span class='ocrx_word' id='word_1_85' title='bbox 779 2109 945 2194; x_wconf 79' lang='lat' dir='ltr'>civitatis,</span> <span class='ocrx_word' id='word_1_86' title='bbox 963 2111 1026 2201; x_wconf 87' lang='lat' dir='ltr'>qui</span> <span class='ocrx_word' id='word_1_87' title='bbox 1046 2129 1266 2202; x_wconf 87' lang='lat' dir='ltr'>quamquam</span> <span class='ocrx_word' id='word_1_88' title='bbox 1287 2111 1324 2181; x_wconf 92' lang='lat' dir='ltr'>in</span> <span class='ocrx_word' id='word_1_89' title='bbox 1344 2109 1456 2182; x_wconf 87' lang='lat' dir='ltr'>admi·</span> 
     </span>
     <span class='ocr_line' id='line_1_15' title="bbox 394 2236 1456 2327; baseline -0.001 -20"><span class='ocrx_word' id='word_1_90' title='bbox 394 2236 583 2308; x_wconf 89' lang='lat' dir='ltr'>nistrando</span> <span class='ocrx_word' id='word_1_91' title='bbox 617 2237 668 2308; x_wconf 92' lang='lat' dir='ltr'>rei</span> <span class='ocrx_word' id='word_1_92' title='bbox 697 2236 861 2327; x_wconf 85' lang='lat' dir='ltr'>ponticae</span> <span class='ocrx_word' id='word_1_93' title='bbox 889 2236 1005 2308; x_wconf 86' lang='lat' dir='ltr'>reditu</span> <span class='ocrx_word' id='word_1_94' title='bbox 1033 2255 1209 2308; x_wconf 93' lang='lat' dir='ltr'>summam</span> <span class='ocrx_word' id='word_1_95' title='bbox 1244 2243 1456 2327; x_wconf 92' lang='lat' dir='ltr'>potestatem</span> 
     </span>
     <span class='ocr_line' id='line_1_16' title="bbox 395 2353 1453 2453; baseline -0.004 -21"><span class='ocrx_word' id='word_1_96' title='bbox 395 2369 570 2442; x_wconf 83' lang='lat' dir='ltr'>exerceat,</span> <span class='ocrx_word' id='word_1_97' title='bbox 601 2361 781 2433; x_wconf 88' lang='lat' dir='ltr'>interdum</span> <span class='ocrx_word' id='word_1_98' title='bbox 809 2369 928 2432; x_wconf 90' lang='lat' dir='ltr'>tamen</span> <span class='ocrx_word' id='word_1_99' title='bbox 960 2353 1137 2434; x_wconf 84' lang='lat' dir='ltr'>consensu</span> <span class='ocrx_word' id='word_1_100' title='bbox 1166 2360 1338 2453; x_wconf 89' lang='lat' dir='ltr'>principis</span> <span class='ocrx_word' id='word_1_101' title='bbox 1365 2367 1453 2451; x_wconf 84' lang='lat' dir='ltr'>eget.</span> 
     </span>
    </p>

    <p class='ocr_par' dir='ltr' id='par_1_5' title="bbox 445 2486 1455 2577">
     <span class='ocr_line' id='line_1_17' title="bbox 445 2486 1455 2577; baseline -0.002 -18"><span class='ocrx_word' id='word_1_102' title='bbox 445 2488 521 2559; x_wconf 91' lang='lat' dir='ltr'>Non</span> <span class='ocrx_word' id='word_1_103' title='bbox 539 2494 657 2558; x_wconf 88' lang='lat' dir='ltr'>tamen</span> <span class='ocrx_word' id='word_1_104' title='bbox 677 2486 828 2558; x_wconf 86' lang='lat' dir='ltr'>dubium</span> <span class='ocrx_word' id='word_1_105' title='bbox 849 2494 904 2559; x_wconf 90' lang='lat' dir='ltr'>est</span> <span class='ocrx_word' id='word_1_106' title='bbox 922 2487 1011 2577; x_wconf 84' lang='lat' dir='ltr'>quin</span> <span class='ocrx_word' id='word_1_107' title='bbox 1031 2493 1115 2559; x_wconf 86' lang='lat' dir='ltr'>ante</span> <span class='ocrx_word' id='word_1_108' title='bbox 1133 2486 1342 2557; x_wconf 84' lang='lat' dir='ltr'>Diocletiani</span> <span class='ocrx_word' id='word_1_109' title='bbox 1366 2493 1455 2557; x_wconf 91' lang='lat' dir='ltr'>tem·</span> 
     </span>
    </p>
   </div>
   <div class='ocr_carea' id='block_1_3' title="bbox 395 2610 1459 2951">
    <p class='ocr_par' dir='ltr' id='par_1_6' title="bbox 395 2610 1459 2951">
     <span class='ocr_line' id='line_1_18' title="bbox 395 2610 1459 2724; baseline -0.002 -42"><span class='ocrx_word' id='word_1_110' title='bbox 395 2631 481 2703; x_wconf 92' lang='lat' dir='ltr'>pora</span> <span class='ocrx_word' id='word_1_111' title='bbox 522 2612 558 2681; x_wconf 94' lang='lat' dir='ltr'>in</span> <span class='ocrx_word' id='word_1_112' title='bbox 592 2610 749 2701; x_wconf 89' lang='lat' dir='ltr'>praediis</span> <span class='ocrx_word' id='word_1_113' title='bbox 782 2611 1022 2702; x_wconf 87' lang='lat' dir='ltr'>imperatoriis</span> <span class='ocrx_word' id='word_1_114' title='bbox 1061 2610 1248 2724; x_wconf 75' lang='lat' dir='ltr'>conductio</span> <span class='ocrx_word' id='word_1_115' title='bbox 1289 2616 1459 2701; x_wconf 89' lang='lat' dir='ltr'>perpetua</span> 
     </span>
     <span class='ocr_line' id='line_1_19' title="bbox 395 2733 1459 2825; baseline -0.004 -17"><span class='ocrx_word' id='word_1_116' title='bbox 395 2735 581 2808; x_wconf 83' lang='lat' dir='ltr'>exstiterit.</span> <span class='ocrx_word' id='word_1_117' title='bbox 596 2733 698 2820; x_wconf 85' lang='lat' dir='ltr'>Quod</span> <span class='ocrx_word' id='word_1_118' title='bbox 709 2734 755 2806; x_wconf 79' lang='lat' dir='ltr'>acl</span> <span class='ocrx_word' id='word_1_119' title='bbox 766 2735 1007 2825; x_wconf 83' lang='lat' dir='ltr'>probantium,</span> <span class='ocrx_word' id='word_1_120' title='bbox 1024 2735 1122 2806; x_wconf 85' lang='lat' dir='ltr'>uaria</span> <span class='ocrx_word' id='word_1_121' title='bbox 1136 2735 1241 2806; x_wconf 85' lang='lat' dir='ltr'>nobis</span> <span class='ocrx_word' id='word_1_122' title='bbox 1262 2740 1459 2825; x_wconf 90' lang='lat' dir='ltr'>suppetunt</span> 
     </span>
     <span class='ocr_line' id='line_1_20' title="bbox 396 2867 620 2951; baseline 0 -21"><span class='ocrx_word' id='word_1_123' title='bbox 396 2867 620 2951; x_wconf 84' lang='lat' dir='ltr'>argumenta.</span> 
     </span>
    </p>
   </div>
   <div class='ocr_carea' id='block_1_4' title="bbox 397 3086 1466 4134">
    <p class='ocr_par' dir='ltr' id='par_1_7' title="bbox 397 3086 1462 3507">
     <span class='ocr_line' id='line_1_21' title="bbox 397 3086 1460 3151; baseline -0.002 -15"><span class='ocrx_word' id='word_1_124' title='bbox 397 3086 463 3151; x_wconf 78' lang='lat' dir='ltr'>(tlt)</span> <span class='ocrx_word' id='word_1_125' title='bbox 477 3101 482 3135; x_wconf 92' lang='lat'>:</span> <span class='ocrx_word' id='word_1_126' title='bbox 496 3103 507 3132; x_wconf 82' lang='lat' dir='ltr'>c</span> <span class='ocrx_word' id='word_1_127' title='bbox 522 3091 555 3136; x_wconf 87' lang='lat' dir='ltr'>Ut</span> <span class='ocrx_word' id='word_1_128' title='bbox 568 3090 720 3147; x_wconf 76' lang='lat' dir='ltr'>prtuitepta</span> <span class='ocrx_word' id='word_1_129' title='bbox 735 3090 775 3136; x_wconf 83' lang='lat' dir='ltr'>rei</span> <span class='ocrx_word' id='word_1_130' title='bbox 785 3090 913 3148; x_wconf 70' lang='lat' dir='ltr'>priuatae</span> <span class='ocrx_word' id='word_1_131' title='bbox 931 3092 1043 3136; x_wconf 87' lang='lat' dir='ltr'>nostrae</span> <span class='ocrx_word' id='word_1_132' title='bbox 1057 3098 1217 3137; x_wconf 82' lang='lat' dir='ltr'>cononnrus</span> <span class='ocrx_word' id='word_1_133' title='bbox 1231 3099 1299 3136; x_wconf 77' lang='lat' dir='ltr'>tuan</span> <span class='ocrx_word' id='word_1_134' title='bbox 1313 3091 1460 3145; x_wconf 83' lang='lat' dir='ltr'>sectantes,</span> 
     </span>
     <span class='ocr_line' id='line_1_22' title="bbox 398 3175 1461 3239; baseline -0.001 -13"><span class='ocrx_word' id='word_1_135' title='bbox 398 3179 553 3226; x_wconf 83' lang='lat' dir='ltr'>curialium</span> <span class='ocrx_word' id='word_1_136' title='bbox 569 3175 782 3225; x_wconf 79' lang='lat' dir='ltr'>nominationes</span> <span class='ocrx_word' id='word_1_137' title='bbox 797 3180 949 3226; x_wconf 84' lang='lat' dir='ltr'>declinent.</span> <span class='ocrx_word' id='word_1_138' title='bbox 969 3195 981 3220; x_wconf 80' lang='lat' dir='ltr'>u</span> <span class='ocrx_word' id='word_1_139' title='bbox 1000 3177 1105 3226; x_wconf 88' lang='lat' dir='ltr'>Novam</span> <span class='ocrx_word' id='word_1_140' title='bbox 1126 3177 1382 3239; x_wconf 87' lang='lat' dir='ltr'>interpretationem</span> <span class='ocrx_word' id='word_1_141' title='bbox 1401 3177 1461 3225; x_wconf 90' lang='lat' dir='ltr'>eius</span> 
     </span>
     <span class='ocr_line' id='line_1_23' title="bbox 398 3265 1461 3329; baseline 0 -16"><span class='ocrx_word' id='word_1_142' title='bbox 398 3266 483 3328; x_wconf 78' lang='lat' dir='ltr'>legiS‚</span> <span class='ocrx_word' id='word_1_143' title='bbox 506 3280 587 3327; x_wconf 88' lang='lat' dir='ltr'>quam</span> <span class='ocrx_word' id='word_1_144' title='bbox 609 3266 777 3327; x_wconf 83' lang='lat' dir='ltr'>excogitavit</span> <span class='ocrx_word' id='word_1_145' title='bbox 798 3265 893 3314; x_wconf 85' lang='lat' dir='ltr'>Fustel</span> <span class='ocrx_word' id='word_1_146' title='bbox 910 3266 944 3313; x_wconf 88' lang='lat' dir='ltr'>de</span> <span class='ocrx_word' id='word_1_147' title='bbox 967 3265 1123 3328; x_wconf 85' lang='lat' dir='ltr'>Coulanges</span> <span class='ocrx_word' id='word_1_148' title='bbox 1141 3265 1185 3329; x_wconf 87' lang='lat' dir='ltr'>(Le</span> <span class='ocrx_word' id='word_1_149' title='bbox 1203 3270 1313 3314; x_wconf 85' lang='lat' dir='ltr'>colonat</span> <span class='ocrx_word' id='word_1_150' title='bbox 1330 3269 1461 3323; x_wconf 80' lang='lat' dir='ltr'>romain,</span> 
     </span>
     <span class='ocr_line' id='line_1_24' title="bbox 400 3353 1462 3417; baseline 0.001 -16"><span class='ocrx_word' id='word_1_151' title='bbox 400 3368 426 3416; x_wconf 86' lang='lat' dir='ltr'>p.</span> <span class='ocrx_word' id='word_1_152' title='bbox 445 3353 497 3415; x_wconf 78' lang='lat' dir='ltr'>toa,</span> <span class='ocrx_word' id='word_1_153' title='bbox 515 3359 579 3402; x_wconf 88' lang='lat' dir='ltr'>note</span> <span class='ocrx_word' id='word_1_154' title='bbox 594 3354 635 3417; x_wconf 74' lang='lat'>2),</span> <span class='ocrx_word' id='word_1_155' title='bbox 652 3355 777 3417; x_wconf 88' lang='lat' dir='ltr'>accipere</span> <span class='ocrx_word' id='word_1_156' title='bbox 797 3357 871 3406; x_wconf 90' lang='lat' dir='ltr'>nolo.</span> <span class='ocrx_word' id='word_1_157' title='bbox 893 3354 944 3404; x_wconf 91' lang='lat' dir='ltr'>Hic</span> <span class='ocrx_word' id='word_1_158' title='bbox 963 3356 1035 3403; x_wconf 89' lang='lat' dir='ltr'>enim</span> <span class='ocrx_word' id='word_1_159' title='bbox 1056 3356 1090 3404; x_wconf 88' lang='lat' dir='ltr'>de</span> <span class='ocrx_word' id='word_1_160' title='bbox 1105 3358 1213 3404; x_wconf 82' lang='lat' dir='ltr'>colonis</span> <span class='ocrx_word' id='word_1_161' title='bbox 1233 3357 1404 3415; x_wconf 80' lang='lat' dir='ltr'>ascripticiis</span> <span class='ocrx_word' id='word_1_162' title='bbox 1419 3355 1462 3416; x_wconf 84' lang='lat' dir='ltr'>agi</span> 
     </span>
     <span class='ocr_line' id='line_1_25' title="bbox 401 3444 1461 3507; baseline 0.001 -16"><span class='ocrx_word' id='word_1_163' title='bbox 401 3447 489 3506; x_wconf 84' lang='lat' dir='ltr'>putat,</span> <span class='ocrx_word' id='word_1_164' title='bbox 502 3456 552 3506; x_wconf 86' lang='lat' dir='ltr'>ego</span> <span class='ocrx_word' id='word_1_165' title='bbox 564 3444 598 3491; x_wconf 77' lang='lat' dir='ltr'>ne</span> <span class='ocrx_word' id='word_1_166' title='bbox 610 3446 831 3492; x_wconf 80' lang='lat' dir='ltr'>conductoribus</span> <span class='ocrx_word' id='word_1_167' title='bbox 845 3448 1035 3504; x_wconf 74' lang='lat' dir='ltr'>temporariis.</span> <span class='ocrx_word' id='word_1_168' title='bbox 1048 3444 1121 3493; x_wconf 90' lang='lat' dir='ltr'>Haec</span> <span class='ocrx_word' id='word_1_169' title='bbox 1135 3459 1196 3493; x_wconf 90' lang='lat' dir='ltr'>mea</span> <span class='ocrx_word' id='word_1_170' title='bbox 1205 3449 1269 3493; x_wconf 89' lang='lat' dir='ltr'>sunt</span> <span class='ocrx_word' id='word_1_171' title='bbox 1281 3449 1442 3507; x_wconf 81' lang='lat' dir='ltr'>argumenta</span> <span class='ocrx_word' id='word_1_172' title='bbox 1455 3459 1461 3492; x_wconf 90' lang='lat'>:</span> 
     </span>
    </p>

    <p class='ocr_par' dir='ltr' id='par_1_8' title="bbox 401 3533 1463 3760">
     <span class='ocr_line' id='line_1_26' title="bbox 434 3533 1463 3597; baseline 0.001 -15"><span class='ocrx_word' id='word_1_173' title='bbox 434 3533 456 3582; x_wconf 78' lang='lat'>1⁰</span> <span class='ocrx_word' id='word_1_174' title='bbox 475 3533 543 3592; x_wconf 84' lang='lat' dir='ltr'>Quis</span> <span class='ocrx_word' id='word_1_175' title='bbox 559 3537 637 3595; x_wconf 89' lang='lat' dir='ltr'>putet</span> <span class='ocrx_word' id='word_1_176' title='bbox 648 3534 773 3583; x_wconf 91' lang='lat' dir='ltr'>homines</span> <span class='ocrx_word' id='word_1_177' title='bbox 786 3536 950 3596; x_wconf 87' lang='lat' dir='ltr'>ultraquam</span> <span class='ocrx_word' id='word_1_178' title='bbox 962 3535 1061 3597; x_wconf 86' lang='lat' dir='ltr'>viginti</span> <span class='ocrx_word' id='word_1_179' title='bbox 1073 3534 1195 3597; x_wconf 88' lang='lat' dir='ltr'>quinque</span> <span class='ocrx_word' id='word_1_180' title='bbox 1210 3535 1305 3597; x_wconf 80' lang='lat' dir='ltr'>iugera</span> <span class='ocrx_word' id='word_1_181' title='bbox 1317 3534 1463 3597; x_wconf 90' lang='lat' dir='ltr'>possiden·</span> 
     </span>
     <span class='ocr_line' id='line_1_27' title="bbox 401 3623 1463 3686; baseline 0.001 -15"><span class='ocrx_word' id='word_1_182' title='bbox 401 3628 451 3684; x_wconf 89' lang='lat' dir='ltr'>tes,</span> <span class='ocrx_word' id='word_1_183' title='bbox 467 3624 540 3672; x_wconf 86' lang='lat' dir='ltr'>ultro</span> <span class='ocrx_word' id='word_1_184' title='bbox 556 3623 589 3671; x_wconf 89' lang='lat' dir='ltr'>ad</span> <span class='ocrx_word' id='word_1_185' title='bbox 606 3623 793 3672; x_wconf 88' lang='lat' dir='ltr'>conditionem</span> <span class='ocrx_word' id='word_1_186' title='bbox 808 3626 970 3673; x_wconf 88' lang='lat' dir='ltr'>colonorum</span> <span class='ocrx_word' id='word_1_187' title='bbox 989 3624 1204 3686; x_wconf 87' lang='lat' dir='ltr'>ascriptitiorum</span> <span class='ocrx_word' id='word_1_188' title='bbox 1222 3625 1251 3671; x_wconf 91' lang='lat' dir='ltr'>in</span> <span class='ocrx_word' id='word_1_189' title='bbox 1268 3623 1361 3672; x_wconf 85' lang='lat' dir='ltr'>fundis</span> <span class='ocrx_word' id='word_1_190' title='bbox 1376 3624 1463 3686; x_wconf 90' lang='lat' dir='ltr'>impe-</span> 
     </span>
     <span class='ocr_line' id='line_1_28' title="bbox 402 3711 726 3760; baseline 0.003 -1"><span class='ocrx_word' id='word_1_191' title='bbox 402 3712 514 3760; x_wconf 86' lang='lat' dir='ltr'>ratoriis</span> <span class='ocrx_word' id='word_1_192' title='bbox 533 3711 726 3760; x_wconf 83' lang='lat' dir='ltr'>descendere?</span> 
     </span>
    </p>

    <p class='ocr_par' dir='ltr' id='par_1_9' title="bbox 403 3799 1466 4134">
     <span class='ocr_line' id='line_1_29' title="bbox 433 3799 1465 3866; baseline 0.002 -18"><span class='ocrx_word' id='word_1_193' title='bbox 433 3801 458 3848; x_wconf 75' lang='lat'>2⁰</span> <span class='ocrx_word' id='word_1_194' title='bbox 479 3799 658 3850; x_wconf 84' lang='lat' dir='ltr'>Constantius</span> <span class='ocrx_word' id='word_1_195' title='bbox 679 3816 735 3850; x_wconf 91' lang='lat' dir='ltr'>non</span> <span class='ocrx_word' id='word_1_196' title='bbox 756 3803 886 3866; x_wconf 85' lang='lat' dir='ltr'>prohibet</span> <span class='ocrx_word' id='word_1_197' title='bbox 906 3817 941 3851; x_wconf 89' lang='lat' dir='ltr'>ne</span> <span class='ocrx_word' id='word_1_198' title='bbox 961 3816 1136 3866; x_wconf 87' lang='lat' dir='ltr'>possessores</span> <span class='ocrx_word' id='word_1_199' title='bbox 1161 3803 1208 3851; x_wconf 87' lang='lat' dir='ltr'>isti</span> <span class='ocrx_word' id='word_1_200' title='bbox 1232 3801 1333 3850; x_wconf 83' lang='lat' dir='ltr'>fundos</span> <span class='ocrx_word' id='word_1_201' title='bbox 1358 3801 1465 3850; x_wconf 84' lang='lat' dir='ltr'>fiscales</span> 
     </span>
     <span class='ocr_line' id='line_1_30' title="bbox 403 3891 1465 3954; baseline -0.002 -14"><span class='ocrx_word' id='word_1_202' title='bbox 403 3894 529 3950; x_wconf 83' lang='lat' dir='ltr'>tractent,</span> <span class='ocrx_word' id='word_1_203' title='bbox 546 3891 594 3939; x_wconf 89' lang='lat' dir='ltr'>sed</span> <span class='ocrx_word' id='word_1_204' title='bbox 608 3905 656 3940; x_wconf 88' lang='lat' dir='ltr'>eos</span> <span class='ocrx_word' id='word_1_205' title='bbox 672 3893 789 3941; x_wconf 88' lang='lat' dir='ltr'>curiales</span> <span class='ocrx_word' id='word_1_206' title='bbox 802 3893 939 3941; x_wconf 90' lang='lat' dir='ltr'>nominari</span> <span class='ocrx_word' id='word_1_207' title='bbox 955 3893 1050 3954; x_wconf 88' lang='lat' dir='ltr'>iubet;</span> <span class='ocrx_word' id='word_1_208' title='bbox 1065 3906 1130 3954; x_wconf 85' lang='lat' dir='ltr'>ergo</span> <span class='ocrx_word' id='word_1_209' title='bbox 1145 3894 1263 3954; x_wconf 88' lang='lat' dir='ltr'>possunt</span> <span class='ocrx_word' id='word_1_210' title='bbox 1277 3892 1358 3941; x_wconf 89' lang='lat' dir='ltr'>simul</span> <span class='ocrx_word' id='word_1_211' title='bbox 1374 3894 1401 3939; x_wconf 86' lang='lat' dir='ltr'>et</span> <span class='ocrx_word' id='word_1_212' title='bbox 1416 3904 1465 3938; x_wconf 90' lang='lat' dir='ltr'>cu-</span> 
     </span>
     <span class='ocr_line' id='line_1_31' title="bbox 404 3981 1466 4041; baseline 0.002 -14"><span class='ocrx_word' id='word_1_213' title='bbox 404 3981 485 4029; x_wconf 87' lang='lat' dir='ltr'>riales</span> <span class='ocrx_word' id='word_1_214' title='bbox 500 3985 527 4028; x_wconf 94' lang='lat' dir='ltr'>et</span> <span class='ocrx_word' id='word_1_215' title='bbox 545 3983 638 4028; x_wconf 81' lang='lat' dir='ltr'>coloni</span> <span class='ocrx_word' id='word_1_216' title='bbox 654 3982 714 4040; x_wconf 74' lang='lat' dir='ltr'>fisci</span> <span class='ocrx_word' id='word_1_217' title='bbox 732 3995 801 4031; x_wconf 87' lang='lat' dir='ltr'>csse.</span> <span class='ocrx_word' id='word_1_218' title='bbox 820 3982 911 4041; x_wconf 84' lang='lat' dir='ltr'>Quum</span> <span class='ocrx_word' id='word_1_219' title='bbox 932 3987 1023 4031; x_wconf 89' lang='lat' dir='ltr'>autem</span> <span class='ocrx_word' id='word_1_220' title='bbox 1042 3996 1123 4030; x_wconf 91' lang='lat' dir='ltr'>nemo</span> <span class='ocrx_word' id='word_1_221' title='bbox 1139 3983 1220 4030; x_wconf 90' lang='lat' dir='ltr'>simul</span> <span class='ocrx_word' id='word_1_222' title='bbox 1236 3995 1297 4030; x_wconf 84' lang='lat' dir='ltr'>esse</span> <span class='ocrx_word' id='word_1_223' title='bbox 1313 3981 1423 4029; x_wconf 89' lang='lat' dir='ltr'>curialis</span> <span class='ocrx_word' id='word_1_224' title='bbox 1439 3985 1466 4029; x_wconf 89' lang='lat' dir='ltr'>et</span> 
     </span>
     <span class='ocr_line' id='line_1_32' title="bbox 404 4070 1466 4134; baseline -0.001 -17"><span class='ocrx_word' id='word_1_225' title='bbox 404 4072 522 4118; x_wconf 88' lang='lat' dir='ltr'>colonus</span> <span class='ocrx_word' id='word_1_226' title='bbox 536 4071 717 4128; x_wconf 79' lang='lat' dir='ltr'>ascrtpnctus</span> <span class='ocrx_word' id='word_1_227' title='bbox 732 4071 834 4132; x_wconf 89' lang='lat' dir='ltr'>possit,</span> <span class='ocrx_word' id='word_1_228' title='bbox 850 4071 977 4134; x_wconf 88' lang='lat' dir='ltr'>sequitur</span> <span class='ocrx_word' id='word_1_229' title='bbox 992 4076 1024 4119; x_wconf 88' lang='lat' dir='ltr'>ut</span> <span class='ocrx_word' id='word_1_230' title='bbox 1040 4071 1087 4119; x_wconf 91' lang='lat' dir='ltr'>isti</span> <span class='ocrx_word' id='word_1_231' title='bbox 1102 4083 1278 4133; x_wconf 84' lang='lat' dir='ltr'>possessores</span> <span class='ocrx_word' id='word_1_232' title='bbox 1299 4082 1356 4118; x_wconf 91' lang='lat' dir='ltr'>non</span> <span class='ocrx_word' id='word_1_233' title='bbox 1372 4070 1466 4118; x_wconf 89' lang='lat' dir='ltr'>coloni</span> 
     </span>
    </p>
   </div>
   <div class='ocr_carea' id='block_1_5' title="bbox 405 4157 1310 4322">
    <p class='ocr_par' dir='ltr' id='par_1_10' title="bbox 405 4157 1310 4322">
     <span class='ocr_line' id='line_1_33' title="bbox 405 4157 1310 4220; baseline 0.002 -13"><span class='ocrx_word' id='word_1_234' title='bbox 405 4157 564 4220; x_wconf 86' lang='lat' dir='ltr'>ascripticii,</span> <span class='ocrx_word' id='word_1_235' title='bbox 579 4157 627 4206; x_wconf 90' lang='lat' dir='ltr'>sed</span> <span class='ocrx_word' id='word_1_236' title='bbox 643 4161 736 4207; x_wconf 85' lang='lat' dir='ltr'>coloni</span> <span class='ocrx_word' id='word_1_237' title='bbox 752 4162 928 4219; x_wconf 84' lang='lat' dir='ltr'>temporarii,</span> <span class='ocrx_word' id='word_1_238' title='bbox 943 4159 972 4207; x_wconf 93' lang='lat' dir='ltr'>id</span> <span class='ocrx_word' id='word_1_239' title='bbox 987 4159 1029 4208; x_wconf 89' lang='lat' dir='ltr'>es&#39;t</span> <span class='ocrx_word' id='word_1_240' title='bbox 1044 4162 1230 4219; x_wconf 87' lang='lat' dir='ltr'>conductores</span> <span class='ocrx_word' id='word_1_241' title='bbox 1245 4159 1310 4210; x_wconf 85' lang='lat' dir='ltr'>sint.</span> 
     </span>
     <span class='ocr_line' id='line_1_34' title="bbox 436 4247 855 4322; baseline 0.007 -27"><span class='ocrx_word' id='word_1_242' title='bbox 436 4247 468 4311; x_wconf 77' lang='lat' dir='ltr'>(l)</span> <span class='ocrx_word' id='word_1_243' title='bbox 483 4247 555 4322; x_wconf 82' lang='lat' dir='ltr'>Dig.‚</span> <span class='ocrx_word' id='word_1_244' title='bbox 571 4247 695 4308; x_wconf 82' lang='lat' dir='ltr'>XXXIX,</span> <span class='ocrx_word' id='word_1_245' title='bbox 710 4247 733 4308; x_wconf 80' lang='lat'>4,</span> <span class='ocrx_word' id='word_1_246' title='bbox 752 4248 788 4310; x_wconf 88' lang='lat' dir='ltr'>tl,</span> <span class='ocrx_word' id='word_1_247' title='bbox 804 4249 816 4310; x_wconf 70' lang='grc' dir='ltr'><strong>ἕ</strong></span> <span class='ocrx_word' id='word_1_248' title='bbox 835 4248 855 4298; x_wconf 91' lang='lat' dir='ltr'>l.</span> 
     </span>
    </p>
   </div>
   <div class='ocr_carea' id='block_1_6' title="bbox 0 0 1758 5234">
    <p class='ocr_par' dir='ltr' id='par_1_11' title="bbox 0 0 1758 5234">
     <span class='ocr_line' id='line_1_35' title="bbox 0 0 1758 5234; baseline 0 0"><span class='ocrx_word' id='word_1_249' title='bbox 0 0 1758 5234; x_wconf 95' lang='lat' dir='ltr'> </span> 
     </span>
    </p>
   </div>
  </div>
 </body>
</html>
