3450 5234
818 668 977 731 ..32-

365 806 515 880 sidentis
550 807 782 901 translatum,
816 813 910 881 recte
942 808 999 880 ius
1032 807 1298 898 perpetuarium
1335 806 1428 878 desi-

365 940 502 1023 gnaret.

414 1058 487 1128 Hoc
509 1055 615 1127 etiarn
640 1055 999 1129 animadvertendum
1019 1075 1098 1129 esse
1118 1064 1218 1148 puto,
1240 1055 1338 1148 quod
1355 1058 1428 1149 ple·

363 1200 495 1272 rosque
519 1181 640 1262 latuit,
662 1181 773 1254 inisse
795 1181 935 1273 aliquid
954 1184 991 1254 in
1013 1201 1084 1273 qno
1099 1183 1346 1275 emphyteusis
1365 1182 1428 1254 ho-

363 1324 493 1378 norum
518 1306 827 1397 imperatoriornm
848 1307 894 1378 ab
913 1308 1140 1399 emphyteusi
1158 1307 1336 1380 bonorum
1357 1306 1429 1398 pri-

363 1438 523 1502 vatorum
559 1430 710 1525 differet.
739 1432 967 1523 Imperatoris
1001 1432 1097 1504 enim
1131 1430 1277 1524 praedia
1311 1448 1429 1521 neque

363 1554 637 1646 praescriptioni
682 1573 800 1646 neque
839 1556 1052 1647 usucapicni
1090 1556 1275 1629 subiacere
1311 1573 1429 1646 neque

364 1680 513 1784 alienari
534 1698 640 1771 posse
660 1680 739 1752 sine
756 1699 934 1753 consensu
950 1680 1123 1773 principis
1139 1686 1273 1753 certum
1293 1686 1347 1753 est
1360 1676 1425 1774 (i),

365 1806 529 1895 quamvis
548 1805 652 1877 multi
669 1825 709 1879 ea
728 1825 902 1898 usurpare
921 1813 956 1879 et
975 1806 1020 1878 ad
1040 1805 1097 1878 ius
1116 1804 1292 1897 privatum
1313 1812 1428 1877 trans·

364 1909 455 2002 ferre
478 1937 616 2003 tentent
637 1939 672 2004 et
695 1949 801 2023 saepe
825 1932 1027 2023 principum
1053 1930 1266 2003 donationes
1290 1930 1425 2003 exami-

365 2055 443 2127 nari
467 2063 501 2127 et
525 2057 706 2129 retractari
726 2055 882 2129 debeant
900 2054 969 2151 (2).
991 2058 1116 2149 ltaque
1136 2057 1258 2130 nuliae
1277 2061 1429 2148 possunt

364 2180 457 2252 inter
494 2181 744 2271 imperatorem
783 2181 1109 2271 conductoremque
1150 2181 1428 2273 emphyteutica·

364 2306 456 2376 rium
479 2308 739 2378 controversiae
758 2307 875 2388 nasci,
894 2308 1009 2378 utrius
1030 2306 1076 2377 sii
1095 2305 1287 2378 fundorum
1309 2304 1425 2377 domi-

364 2430 465 2500 nium
484 2454 492 2511 ;
515 2437 637 2501 contra
659 2438 799 2514 autem,
822 2449 933 2522 quum
955 2430 1056 2502 tundi
1078 2431 1203 2522 privati
1224 2430 1372 2522 usucapi
1393 2436 1429 2502 et

364 2554 500 2643 acquiri
520 2573 583 2646 per
601 2556 917 2647 praescriptionem
938 2562 1099 2647 possent,
1118 2554 1428 2646 frequentesque

363 2675 495 2748 bantur
515 2678 607 2749 inter
626 2677 812 2749 dominnm
830 2685 864 2751 et
882 2678 1133 2751 conductorem
1151 2679 1231 2752 lites
1249 2687 1284 2751 et
1298 2680 1426 2751 iterum

363 2802 566 2892 iterumque
598 2803 787 2893 prohibere
817 2804 1050 2893 imperatores
1078 2804 1211 2877 debent
1239 2822 1285 2876 ne
1311 2803 1426 2875 domi·

369 2926 469 2996 nium
502 2934 678 3018 usurpent
706 2927 939 3000 conductores
970 2928 1033 3018 qui
1062 2947 1135 3000 rem
1163 2927 1320 3019 aliquam
1349 2928 1427 2998 iure

364 3047 626 3141 emphyteutico
660 3072 723 3143 per
755 3052 992 3144 quadraginta
1026 3072 1142 3125 arrnos
1180 3054 1233 3125 vel
1270 3051 1426 3143 amplius

363 3174 546 3248 tenuerint
568 3173 633 3269 (5).

393 3420 427 3485 (1)
443 3421 472 3472 C.
490 3423 718 3487 1ust.,V11‚38‚2
733 3429 760 3473 ot
775 3426 827 3476 3:«
881 3438 972 3487 noque
988 3426 1061 3474 enim
1076 3425 1218 3474 incubatio
1234 3423 1365 3472 diuturna
1379 3425 1428 3471 aut

362 3512 472 3562 novella
486 3513 622 3574 professio
635 3515 813 3577 proprietatis
828 3519 940 3563 nostrae
954 3513 1128 3577 privilegium
1145 3512 1254 3562 abolere
1269 3510 1398 3574 poterit...
1413 3524 1425 3556 c

362 3600 433 3665 Dig„
445 3600 529 3661 XXX,
544 3603 583 3663 39,
598 3604 610 3666 ᾗ
625 3604 663 3654 10.
923 3600 927 3605 ’

393 3689 428 3753 (2)
445 3689 475 3743 O.
492 3691 552 3750 Th.,
570 3692 617 3751 1v,
635 3692 672 3750 13,
692 3693 712 3743 1.

282 3806 287 3815 ·
393 3779 425 3842 (3)
441 3779 472 3830 G.
489 3781 566 3833 lust..
582 3781 643 3842 vn,
660 3783 698 3842 39,
714 3782 729 3831 2
743 3789 771 3832 et
783 3784 807 3843 7,
820 3784 832 3845 Ε
844 3784 859 3833 7
871 3781 944 3847 (525).
