3450 5234
734 601 895 666 ..53-

303 725 304 728 7
335 740 469 813 Similis
496 747 570 812 erat
598 739 710 811 saltus
738 740 981 811 Burunitanus
1010 739 1054 810 iis
1088 739 1238 811 saltibus
1267 740 1342 831 qui,

282 866 451 937 Frontino
468 871 558 937 teste
572 861 637 958 (l),
654 863 833 935 civitatum
849 863 1038 935 territoriis
1055 863 1219 945 maiores,
1234 884 1346 956 popu·

283 991 356 1061 lum
376 974 556 1081 plebeium
581 988 782 1071 habebant,
810 989 872 1060 ubi
906 988 1037 1059 ‹ciccs
1056 989 1154 1060 circo
1181 991 1299 1060 oillcm
1324 1016 1342 1058 o

281 1114 495 1205 reperisses,
517 1115 621 1205 quasi
640 1133 748 1205 pagos
769 1114 859 1200 circa
879 1115 1054 1187 civitatem
1076 1122 1111 1187 et
1131 1117 1274 1207 saepius
1295 1116 1342 1188 ad

282 1238 541 1311 defendendam
562 1239 740 1329 regionem
759 1236 953 1328 dispositos
974 1239 1206 1329 munitosque
1226 1265 1233 1310 :
1254 1258 1344 1331 quos

282 1364 389 1435 etiam
414 1363 509 1455 apud
534 1363 761 1434 ammianum
786 1363 1028 1453 Marcellinum
1053 1360 1100 1457 (i)
1129 1365 1166 1435 in
1196 1365 1341 1436 modum

284 1488 384 1560 urbis
400 1495 596 1563 exstructos
620 1506 793 1579 muroque
813 1488 1048 1560 circumdatos
1072 1489 1189 1561 videre
1210 1497 1276 1562 est.
1301 1493 1343 1562 ln

285 1614 405 1686 multis
434 1614 546 1685 titulis
579 1621 725 1704 apparet
757 1613 862 1684 etiam
891 1631 1020 1685 nomen
1049 1612 1230 1683 ioslcllom
1261 1612 1342 1710 (5);

286 1739 335 1811 ita
360 1747 399 1810 ut
425 1739 647 1810 coniecturae
677 1738 901 1811 Mommsenii
926 1739 1022 1829 apud
1048 1740 1257 1811 Frontinum
1282 1760 1346 1832 pro

286 1865 392 1936 verno
410 1862 650 1932 munitionum
669 1862 948 1954 municipiorum
969 1864 1158 1936 scribentis
1178 1865 1345 1937 assentiri

287 1989 502 2060 nonausim.

335 2117 436 2186 llunc
477 2120 594 2186 cutem
638 2116 767 2186 saltum
813 2113 1024 2186 habitabant
1068 2116 1205 2198 coloni,
1255 2135 1345 2207 quos

286 2239 425 2312 etiamsi
454 2240 562 2310 missa
588 2239 632 2310 ad
661 2239 925 2330 imperatorem·
946 2241 1205 2330 supplicatione
1237 2241 1281 2314 de
1308 2261 1345 2315 se

287 2368 335 2440 ita
357 2369 586 2457 loquerentur
618 2392 632 2429 c
660 2363 784 2434 rustici
806 2365 875 2446 toi,
905 2363 1075 2433 vernulae
1098 2372 1130 2434 ct
1148 2365 1286 2435 alumni
1308 2396 1343 2453 ›‚

287 2492 419 2564 liberos
444 2497 564 2562 tamen
595 2490 705 2566 luisse
729 2508 808 2560 oum
828 2490 1060 2560 llommsenio
1080 2497 1215 2580 putem.
1245 2493 1347 2566 Pare-

286 2617 375 2688 hant
404 2617 498 2688 enim
533 2607 700 2705 magistro
724 2633 828 2704 quem
857 2631 987 2684 nomen
1014 2613 1210 2706 ingenuum
1236 2617 1346 2690 luisse

287 2742 405 2833 prodit
424 2740 599 2830 multique
618 2739 745 2810 civium
762 2755 989 2809 romanorum
1004 2740 1163 2825 nomine,
1183 2740 1346 2812 decoran-

287 2876 364 2954 tur;
386 2865 477 2938 adde
493 2863 590 2956 quod
610 2862 808 2934 sodomum
825 2862 949 2935 reverti
970 2881 1075 2952 posse
1091 2862 1261 2946 dicerent,
1283 2866 1345 2937 ulri

288 2993 399 3065 libere
419 2998 653 3061 morarentur.
677 2988 806 3059 Glebae
826 2995 944 3059 tamen
966 2988 1202 3060 nihilominus
1218 2990 1346 3063 aditae·

289 3138 376 3199 rere,
421 3115 523 3207 quasi
558 3113 673 3185 coloni
703 3111 908 3184 hereditarii
943 3112 1174 3192 videbamur,
1214 3113 1348 3206 quippe

289 3245 350 3336 qui
383 3259 587 3333 quanquam
626 3259 647 3310 a
677 3238 964 3331 procuratoribus
998 3237 1348 3329 conductoribusque

202 3351 205 3358 ¹
289 3368 477 3442 crudeliter
496 3365 622 3447 hahiti,
643 3383 685 3436 er
702 3365 769 3436 ista
782 3364 924 3453 regione
939 3362 1162 3434 decederene
1174 3363 1211 3432 in
1224 3364 1345 3436 animo
1398 3401 1401 3405 ·

288 3493 433 3585 quidem
449 3491 633 3562 haherent.
652 3489 820 3575 Querelas
837 3487 952 3558 solum
970 3487 1157 3558 mittebant
1175 3506 1216 3558 ex
1233 3486 1346 3559 diver·

289 3619 339 3691 sis
360 3615 532 3697 saltibus,
558 3615 661 3706 quasi
691 3614 954 3704 conspiratione
982 3611 1092 3694 lacta,
1117 3611 1162 3682 ad
1189 3613 1344 3702 impera·

288 3837 395 3886 ceditur
409 3840 439 3884 ut
454 3834 553 3883 dehinc
567 3837 674 3882 tantum
691 3833 823 3880 aratorias
833 3831 901 3892 IIII,
915 3832 1045 3881 sartorius
1062 3831 1123 3890 IIII,
1137 3831 1278 3880 messicias
1293 3831 1346 3882 IIII

288 3929 436 3990 praestent.

288 4079 290 4084 ,
321 4015 353 4078 (1)
368 4015 439 4063 Vide
452 4027 544 4077 supra,
560 4027 586 4061 n.
603 4012 631 4072 4,
647 4027 672 4074 p.
690 4011 728 4060 46.

320 4103 352 4167 (2)
368 4104 512 4166 Ammon„
529 4102 626 4162 XXIX,
644 4103 670 4162 5,
687 4101 714 4150 13
731 4115 736 4149 ε
755 4099 872 4148 «Fundi
891 4099 1032 4148 Petrensis
1052 4112 1133 4161 quem
1189 4092 1220 4149 in
1234 4097 1345 4147 modum

289 4195 365 4243 urbis
381 4193 526 4242 exstruxit.
543 4208 555 4238 u
571 4191 601 4240 25
616 4205 621 4239 :
639 4207 651 4238 u
667 4191 793 4239 Fundum
809 4190 920 4238 nomine
938 4188 1080 4238 Gaionatis
1094 4202 1173 4238 muro
1190 4186 1344 4237 circumda·

289 4289 347 4333 tum
362 4282 462 4341 valido,
478 4281 680 4342 receptaculum
695 4279 852 4328 Maurorum
868 4278 1044 4326 tutissimum.
1061 4292 1073 4322 a

321 4373 353 4437 (3)
370 4378 396 4424 0.
412 4379 433 4425 Ι.
449 4378 488 4434 L.,
504 4372 578 4431 VIII,
594 4370 663 4429 8701,
679 4370 749 4430 8777,
765 4370 834 4432 8369,
852 4368 935 4418 totto.
