3450 5234
634 1037 762 1176 ulus
791 1036 992 1127 lurum

433 1328 484 1390 Dc
506 1326 609 1403 agris
630 1325 769 1389 nostris
791 1331 875 1404 post
895 1324 1180 1388 Diocletianum.

621 2109 763 2183 CAPUT
805 2108 992 2183 PRIMUM.

465 2436 510 2488 DE
534 2436 638 2491 NOVlS
665 2425 887 2490 Pulunloltdll
912 2433 1149 2488 incorrutionis.

322 2720 518 2792 Veniamus
549 2719 595 2792 ad
626 2719 837 2792 Diocletiani
870 2726 1020 2792 aetatem
1051 2737 1143 2811 quae
1172 2720 1338 2812 pluribus

274 2844 518 2944 documentis
540 2844 603 2917 sed
622 2845 751 2918 iisdem
770 2845 1038 2916 obscurissimis
1057 2844 1271 2916 illustratur.

324 2973 396 3042 Hoc
414 2971 568 3062 primum
590 2978 737 3062 apparet
760 2989 916 3042 crescere
941 2967 1208 3042 ultramodum
1235 2990 1339 3061 agros

273 3095 520 3188 imperatorios
558 3096 609 3167 ita
644 3103 684 3167 ut
720 3096 842 3168 orbem
882 3114 973 3186 pene
1010 3097 1048 3166 in
1084 3095 1337 3187 proprietatem

273 3220 511 3312 Augustorum
532 3221 657 3294 cedere
679 3221 826 3293 dixeris.
851 3222 924 3292 Hae
944 3229 1029 3292 sunt
1048 3219 1259 3311 praecipuae
1279 3220 1337 3290 in-

272 3346 442 3418 crementi
461 3347 569 3418 huius
589 3363 743 3418 causae:
1191 3358 1194 3365 '

325 3474 358 3541 l⁰
375 3473 488 3557 Quam
507 3471 660 3543 dicimus
677 3470 1024 3564 incorporationem,
1044 3471 1145 3543 valde
1162 3471 1334 3562 paulatim

272 3601 443 3667 mutatam
481 3615 560 3668 esse
603 3603 754 3668 constat.
801 3598 980 3669 Hactenus
1022 3597 1117 3668 eninr
1165 3597 1335 3686 pleraque

271 3738 394 3793 eorum
406 3721 583 3793 bonorum
600 3740 691 3812 quae
707 3721 792 3794 fisco
812 3724 866 3794 vel
885 3742 928 3795 er
946 3721 1199 3794 confiscatione
1218 3723 1272 3792 vel
1290 3740 1333 3792 ex

271 3844 412 3917 caducis
429 3847 480 3917 rel
494 3847 564 3916 alio
577 3846 681 3918 modo
700 3848 969 3937 proveniebant,
989 3847 1139 3918 distrahi
1154 3846 1329 3918 solebant.

269 3969 371 4041 Nunc
388 3988 469 4042 vero
497 3971 543 4041 oh
569 3971 732 4042 miserias
759 3971 1015 4062 agriculturae,
1045 3970 1332 4060 tributorumque

271 4093 412 4185 pondus
431 4096 536 4167 toties
556 4095 630 4186 agri
650 4097 777 4187 privati
801 4116 822 4167 a
841 4097 1111 4188 possessoribus
1138 4104 1172 4168 et
1196 4096 1234 4166 in
1254 4095 1327 4186 pri·

270 4220 339 4290 mis
354 4239 375 4291 a
390 4219 585 4291 curialibus
598 4219 851 4312 relinquuntur
863 4229 915 4301 ut,
933 4240 1024 4313 quae
1034 4222 1205 4312 acquirat,
1221 4219 1329 4292 fiscus

269 4344 338 4416 sibi
373 4344 468 4416 bona
503 4362 643 4417 servare
675 4345 895 4436 colendoque
935 4346 1115 4437 suscipere
1148 4351 1325 4436 cogatur:
