3450 5234
817 541 978 602 -ῇῖ-

369 681 457 753 haee
475 681 623 770 antiqua
638 679 787 771 Augusti
807 677 1003 770 possessio,
1023 679 1293 752 Chersonnesus
1313 677 1428 750 eidem

369 806 414 877 ab
446 805 601 896 Agrippa
633 804 754 877 relicta
779 802 846 898 (l),
883 803 1050 893 hortique
1083 803 1291 875 Sallustiani
1313 799 1364 897 (h)
1396 809 1431 874 et

370 929 458 1001 villa
478 929 713 1009 Albanensis,
736 947 778 1000 ex
800 928 968 1019 Pompeio
983 927 1029 1000 ad
1048 928 1266 1001 Dolabellam
1279 934 1314 1000 et
1326 928 1431 999 Ante-

370 1057 490 1135 ninm‚
514 1061 693 1145 pestremo
709 1052 758 1145 ,ad
773 1054 973 1145 Augustum
992 1053 1205 1125 transmissa
1224 1050 1288 1146 (5),
1311 1052 1432 1124 emnia

370 1180 457 1251 baec
471 1177 616 1270 praedia
639 1187 719 1268 post
733 1178 993 1269 Vespasianum
1014 1177 1052 1248 in
1074 1177 1289 1268 patrimonio
1309 1195 1431 1250 nnme-

371 1309 506 1374 rantur.
530 1302 711 1393 Figulinas
731 1301 978 1374 Ariminenses
1004 1301 1098 1372 Vibii
1124 1302 1280 1382 Pansae,
1307 1302 1345 1371 in
1368 1318 1432 1391 pa-

372 1425 579 1498 trimonium
609 1425 786 1507 redactas,
817 1443 880 1516 per
912 1443 1040 1496 manus
1071 1424 1244 1516 Augusti,
1279 1424 1431 1505 Tiberii,

373 1550 465 1631 Caii,
493 1549 652 1631 Claudii,
677 1550 846 1634 Neronis,
870 1549 1001 1622 Galbae
1029 1549 1215 1640 usquead
1243 1551 1431 1641 Vespasia·

373 1693 458 1746 num
479 1671 711 1745 transmissas
731 1691 809 1745 esse
830 1673 991 1746 videmus
1016 1671 1080 1769 (l).
1112 1676 1209 1746 Bona
1229 1674 1333 1746 etiam
1354 1675 1433 1746 Gal·

373 1799 439 1871 bae
473 1798 602 1870 Flauiis
638 1799 788 1870 cessisse
814 1817 856 1870 ex
882 1798 1018 1870 vicibus
1047 1798 1230 1870 herlerum
1261 1798 1433 1891 Argiano·

375 1931 451 1995 rum
479 1923 740 2014 comperimus,
770 1924 832 2013 qui
860 1923 905 1994 ab
926 1922 1051 2014 llrgio,
1081 1923 1212 1995 Galbae
1242 1923 1368 1994 liberto
1399 1925 1436 1995 in

375 2048 629 2138 patrimonium
658 2066 721 2119 sen
745 2047 999 2120 confiscatione
1032 2066 1094 2120 sen
1122 2049 1198 2120 iure
1229 2055 1437 2139 patronatus

377 2179 562 2244 venerunt.
585 2173 826 2244 Domitianum
848 2173 915 2246 Titi
935 2173 1103 2245 heredem
1128 2173 1240 2248 luisse
1259 2195 1323 2267 pre
1343 2182 1437 2246 certo

377 2299 610 2380 haberemus,
639 2298 778 2370 etiamsi
804 2316 860 2369 res
890 2299 1000 2369 nullis
1026 2300 1246 2389 argumentis
1274 2317 1435 2389 eornpre·

378 2423 522 2494 baretur
547 2421 557 2516 (
583 2420 609 2515 ).

426 2547 578 2621 ductum
600 2549 707 2640 igitur
728 2549 901 2639 quetidie,
931 2549 1185 2639 patrimonium
1213 2550 1302 2622 illud
1327 2551 1440 2640 priva-

379 2682 453 2747 tum
475 2692 537 2764 per
557 2674 715 2745 diversas
735 2673 889 2744 familias
910 2673 1098 2746 transibat.
1116 2676 1195 2745 lure
1208 2680 1327 2746 tamen
1347 2675 1442 2765 prin·

380 2800 496 2889 cipes,
520 2798 581 2869 ubi
601 2798 646 2869 ad
666 2797 856 2888 imperium
882 2781 1133 2889 pervenerant,
1156 2800 1317 2871 fortunas
1336 2818 1440 2890 pecu·
1489 2811 1499 2824 ·

380 2923 486 2994 linces
506 2922 610 2993 alloni
632 2942 778 2995 suornm
796 2923 990 2994 liberorum
1006 2924 1123 3015 legare
1137 2925 1360 3014 potuissent,
1379 2923 1440 3014 qui

381 3064 453 3118 non
477 3045 521 3116 ad
557 3047 817 3118 successionem
849 3048 948 3138 regni
980 3055 1175 3120 vocaretur.
1212 3050 1282 3121 Nec
1311 3048 1442 3124 desunt

382 3171 490 3241 buius
511 3171 560 3242 rei
581 3171 755 3260 exempla.
779 3171 836 3242 Sie
861 3171 945 3242 Pius
968 3171 1222 3262 patrimonium
1246 3173 1439 3263 privatum,

382 3294 1440 3387 postquamlrnctuseiuslnrempublicam,quoadvixisset,
1492 3373 1497 3381 ,

383 3421 596 3501 contulerat,
619 3419 713 3490 [illae
735 3420 890 3493 moriens
911 3420 1055 3511 reliquit
1074 3428 1108 3493 et
1128 3427 1339 3493 testamento
1365 3440 1441 3491 om·

385 3561 448 3614 nes
476 3561 561 3614 sues
591 3543 715 3635 legatis
742 3543 883 3616 idoneis
909 3553 1118 3635 prosecutus
1145 3553 1199 3617 est
1222 3542 1285 3638 (6).
1312 3544 1443 3616 Eodem
1484 3610 1488 3614 .

416 3788 448 3852 (1)
463 3789 524 3839 Dio.
549 3789 590 3850 54,
609 3789 646 3838 529.
663 3816 694 3825 -
712 3793 828 3849 prem.
854 3793 967 3850 Epicu,
989 3790 1028 3851 V,
1049 3791 1116 3838 lasc.
1140 3790 1198 3852 le,
1219 3800 1249 3838 n⁰
1265 3790 1312 3840 ‘226
1331 3789 1378 3853 (ad
1396 3805 1445 3838 an-

385 3893 451 3926 num
466 3879 503 3942 55)
519 3894 524 3926 ;
543 3895 554 3924 n
570 3880 675 3927 numini
692 3879 789 3927 domus
805 3880 976 3942 Augustae...
989 3881 1103 3928 familiai
1119 3879 1255 3932 Caesaris.
1272 3898 1283 3927 u

417 3967 449 4030 (i)
462 3968 534 4030 Dig,
552 3967 635 4026 XXX,
653 3969 690 4027 39,
707 3969 755 4030 (8.

418 4057 450 4122 (3)
466 4055 507 4108 Gi.
524 4058 624 4120 Nibby‚
637 4060 784 4118 Dintorni,
800 4057 820 4120 1,
835 4057 873 4109 el.

419 4146 451 4209 (l)
467 4150 493 4196 C.
510 4151 530 4196 l.
548 4152 587 4206 L„
602 4147 636 4208 V,
652 4146 721 4206 8110,
740 4146 806 4196 1-28.

420 4237 452 4298 (5)
468 4235 578 4297 Marini,
595 4238 742 4284 lscrizioni
756 4237 868 4284 antiche
883 4237 1000 4295 doliari,
1015 4249 1042 4287 n.
1058 4235 1099 4297 12,
1115 4235 1152 4285 15.

420 4325 452 4388 (6)
470 4329 531 4375 Vlla
547 4331 661 4388 Areten,
679 4341 701 4377 c.
717 4327 750 4376 7:
766 4329 998 4388 «patrimonium
1010 4329 1157 4388 privatum
1170 4329 1202 4375 ie
1214 4328 1303 4386 {iliam
1316 4329 1445 4398 contulit,
