3450 5234
568 1489 570 1494 ·
594 1450 736 1525 CAPUT
764 1453 1002 1527 SEPTIMUM.

318 1775 400 1842 Quin
433 1776 477 1826 AD
508 1776 576 1828 REM
601 1775 760 1828 NOSTRAM
792 1774 990 1830 CONFERANT
1015 1777 1229 1830 DONATIONES
1260 1780 1281 1830 Α

501 1898 734 1954 CONSTANTINO
761 1899 925 1954 ECGLESHS
952 1900 1089 1954 FACTAE.

316 2187 574 2257 Documentum
613 2183 792 2275 quoddam
828 2182 973 2254 maximi
1007 2184 1178 2274 ponderis
1211 2186 1327 2257 hacte-

264 2329 335 2382 nus
364 2310 607 2401 negleximus,
630 2308 737 2380 vitam
765 2309 899 2380 scilicet
923 2326 1034 2399 papae
1060 2309 1240 2382 Silvestris
1266 2310 1328 2381 uhi

264 2435 359 2507 inter
384 2435 473 2506 alias
495 2453 551 2506 res
576 2439 832 2506 enumerantur
857 2451 1025 2505 concessa
1048 2453 1069 2505 a
1092 2434 1328 2506 Constantino

263 2559 423 2631 basilicis
447 2558 593 2650 praedia.
617 2560 779 2645 Quantae
799 2559 846 2629 sit
859 2559 1097 2644 auctoritatis,
1116 2560 1249 2650 optime
1269 2559 1327 2632 de-

265 2685 477 2756 monstravit
504 2685 728 2756 Duchesnius
761 2681 807 2776 (t)
837 2685 898 2774 qui
927 2685 1004 2756 eius
1035 2686 1169 2757 auctori
1196 2694 1327 2757 cartam

263 2810 457 2900 genuinam
476 2809 710 2881 donationum
732 2827 774 2880 ex
795 2808 972 2880 tabulario
989 2818 1131 2881 sanctae
1151 2809 1247 2882 sedis
1267 2809 1328 2882 de·

264 2941 467 3026 promptam
487 2941 628 3024 praesto
648 2933 759 3004 fuisse
784 2933 978 3024 perspexit.
1001 2934 1135 3006 Eadem
1154 2933 1190 3004 in
1214 2935 1326 3025 impe-

265 3058 408 3130 ratoriis
424 3057 679 3130 beneficiorum
701 3056 802 3129 tibris
822 3057 889 3148 tegi
910 3058 1070 3148 potuisse
1085 3058 1187 3131 valde
1201 3060 1328 3149 proba·

263 3183 338 3255 hiie
357 3191 423 3256 est.

315 3309 371 3390 At,
390 3297 547 3398 inquies,
566 3308 746 3380 civitatum
762 3309 857 3380 bona
877 3309 1035 3380 eeclesiis
1053 3328 1073 3380 a
1092 3309 1327 3382 Constantino

264 3434 479 3506 transmissa
506 3451 584 3506 esse
612 3434 872 3525 comperimus;
898 3433 1088 3524 plerasque
1115 3433 1327 3506 donationes
1404 3424 1406 3429 ’

263 3578 306 3629 en
330 3559 396 3629 hoo
415 3559 513 3631 ionte
533 3560 739 3650 provenisse
758 3558 941 3631 fatendum
963 3565 1033 3639 est;
1057 3559 1187 3630 multas
1208 3566 1325 3630 tamen

263 3702 284 3754 e
318 3682 474 3774 praediis
501 3682 739 3774 imperatoriis
763 3683 966 3754 constitisse
993 3682 1123 3772 liquem
1149 3682 1325 3774 quidquid

263 3808 360 3879 enim
382 3808 473 3878 circa
494 3809 639 3879 Romam
661 3807 784 3879 datum
799 3813 870 3891 est,
883 3785 939 3878 'ad
959 3808 1208 3898 imperatorem
1234 3817 1326 3880 certe

262 3931 483 4022 pertinebat,
517 3951 628 4022 quum
654 3935 785 4005 Romae
812 3931 1044 4023 municipalia
1074 3930 1220 4022 praedia
1252 3951 1324 4003 non

264 4063 405 4136 essent:
430 4056 561 4129 deiude
587 4075 667 4129 vero
692 4057 948 4129 nonnullorum
973 4055 1200 4146 praediorum
1227 4058 1324 4146 origo

295 4353 329 4418 (i)
344 4357 401 4404 Lib.
415 4359 527 4417 Pontis„
543 4371 568 4419 p.
582 4366 710 4407 cxcv-cn.
