3450 5234
742 598 902 659 ..81-

290 740 472 831 propriam
497 744 648 810 oonstat.
671 738 744 809 lam
769 737 807 809 in
832 718 987 827 si'mpliei
1013 733 1249 807 conductione
1272 752 1354 806 eon·

292 864 447 935 ditiones
468 862 566 934 illius
588 862 728 953 generis
748 880 853 952 saepe
874 860 1150 933 conductoribus
1168 860 1355 951 impositas

293 994 371 1061 esse
398 986 560 1058 ridemus
584 982 648 1079 (l).
672 986 840 1058 Eamdem
871 984 1010 1056 uolendi
1041 984 1287 1057 necessitatem
1317 986 1355 1056 in

293 1116 474 1182 contractu
502 1110 657 1200 quodam
688 1111 843 1200 quinon
864 1117 918 1182 est
937 1109 1200 1201 emphyteusis,
1222 1110 1259 1180 in
1278 1111 1358 1179 iore

286 1218 434 1328 paleato
463 1234 571 1304 soleo·
585 1256 719 1305 oenone
743 1232 939 1327 reperimus
962 1233 1038 1324 (I);
1059 1235 1131 1304 imo
1159 1238 1359 1326 querunlllr

293 1358 389 1450 apud
419 1356 670 1449 imperatorem
696 1344 1005 1451 emphyteuticarii
1033 1357 1131 1451 quod
1157 1359 1356 1449 possessio·

294 1464 378 1566 nes,
401 1503 491 1575 quas
516 1474 778 1575 suscepissent,
802 1484 963 1555 desertae
986 1502 1064 1555 esse
1089 1483 1269 1575 coeperint
1289 1481 1357 1579 (3);

295 1595 368 1682 non
389 1600 554 1682 desertas·
568 1610 676 1700 igitur
696 1628 756 1681 eas
779 1603 1007 1699 aooeperant';
1030 1608 1228 1698 eodemque
1244 1597 1359 1681 'modo

295 1712 502 1807 detinentur
526 1723 843 1826 emphyteuticario
871 1735 1018 1805 nomine
1049 1741 1162 1805 terrae
1188 1733 1363 1806 ‹oeem'd

289 1856 440 1951 plenum
459 1857 623 1941 idoneae,
644 1879 708 1929 aee
726 1853 885 1927 omnibns
904 1856 1016 1927 modis
1034 1866 1169 1929 ooedee
1192 1856 1256 1952 (l).
1279 1886 1294 1923 ›

329 1982 383 2053 '2⁰
399 1983 570 2055 Videmus
585 1985 623 2054 in
640 1983 779 2074 legibus
795 1984 913 2074 quarti
929 1982 1039 2054 seeuli
1055 2001 1119 2072 pro
1135 1982 1360 2074 emphyteusi

296 2109 353 2180 ius
379 2109 643 2199 perpetuarium
672 2109 882 2200 saepissime
909 2108 1019 2199 poni;
1043 2108 1279 2197 nequeenim
1308 2111 1359 2181 uti

296 2236 460 2306 volumus
484 2235 588 2316 loeis,
610 2241 731 2325 utpote
750 2254 771 2305 a
791 2234 1008 2305 Triboniano
1030 2234 1189 2305 iorsitam
1212 2252 1357 2325 eorrup-

295 2360 343 2431 tis
376 2360 414 2430 in
445 2360 599 2451 quihus,
628 2361 699 2431 iam
733 2361 770 2431 in
804 2360 908 2432 tertio
943 2361 1081 2446 seoulo,
1115 2360 1360 2452 emphyteusis

296 2484 504 2556 nominatur
527 2482 592 2578 (5).
1319 2496 1321 2501 ·

346 2608 522 2695 Quoniam
549 2616 668 2681 tamen
698 2610 868 2701 pleraque
894 2609 1009 2693 hona,
1036 2627 1128 2699 quae
1157 2608 1203 2680 ad
1234 2608 1359 2681 lisoum

296 2733 561 2815 delaberentur‚
580 2735 617 2803 ih
634 2741 760 2823 quarto
777 2734 896 2804 seoulo
913 2732 1053 2803 deserta
1068 2738 1202 2814 essent,
1219 2732 1361 2805 evenire

296 2860 413 2950 potuit
433 2866 471 2931 ut
490 2860 699 2931 immunitas
719 2859 861 2943 tributi,
878 2877 942 2950 per
961 2859 1098 2949 aliquot
1116 2876 1249 2942 annos,
1270 2859 1360 2931 duos

298 2985 351 3055 vel
380 2992 471 3067 tres,
494 2984 599 3055 veteri
628 2982 855 3056 eonduotioni
881 2990 1091 3074 perpetuae,
1114 3000 1200 3072 oum¹
1221 2984 1361 3056 oolendi

298 3091 510 3181 ne'oessitale
542 3108 732 3181 adderetur
762 3133 770 3178 ε
800 3109 896 3181 unde
923 3109 1052 3181 laetum
1081 3107 1137 3179 est
1165 3114 1205 3180 ut
1230 3096 1360 3180 norum

299 3234 389 3306 illud
414 3252 547 3307 nomen
573 3234 839 3326 emphyteusis,
861 3234 907 3306 ah
930 3232 1073 3305 Oriente
1097 3232 1135 3303 ln
1159 3236 1362 3325 partesue

330 3569 363 3634 (i)
378 3570 451 3633 DIg.,
467 3569 545 3631 XIX,
560 3570 588 3631 2,
604 3570 648 3632 al,
664 3572 676 3633 ἓ
691 3572 705 3621 3
721 3587 727 3620 ;
745 3588 756 3619 o
776 3606 804 3626 ...
824 3572 911 3622 veluti
933 3576 964 3621 ut
986 3585 1056 3635 opus
1076 3570 1186 3634 aliquod
1208 3570 1361 3635 efficerent,

299 3659 513 3722 propagationes
527 3660 659 3710 facerent.
676 3677 688 3707 a

330 3747 363 3812 (2)
378 3748 409 3801 d.
425 3748 503 3811 lust,
517 3747 565 3809 XI,
581 3750 620 3810 59,
634 3750 659 3801 l.

330 3837 502 3902 (3)d.1ust.,
518 3838 565 3901 XI,
582 3839 621 3902 62,
637 3839 659 3909 3.

331 3926 364 3991 (4)
378 3926 428 3988 rm,
445 3928 483 3988 59,
499 3909 522 3979 7.

330 4016 363 4078 (5)
383 4017 455 4081 Dig„
475 4016 592 4077 XXVII,
608 4018 636 4076 t,
655 4018 681 4080 3,
698 4017 710 4079 ξ
726 4016 741 4066 l
756 4031 761 4065 ε
779 4032 791 4063 o
809 4020 839 4067 Si
858 4021 903 4066 ius
924 4020 1150 4082 ἑμφυτευτικόν
1172 4022 1244 4070 vel...
1265 4020 1363 4067 lrabeat

299 4110 434 4170 pupillos.
451 4124 463 4154 n
481 4106 511 4157 C.
528 4107 606 4169 lust,
623 4108 662 4166 V,
678 4107 722 4169 71,
741 4107 768 4156 13
784 4121 789 4155 :
807 4124 819 4153 n
835 4111 928 4158 Ellam
947 4111 1080 4170 veotipale
1100 4112 1142 4157 vel
1160 4111 1363 4168 patrimontale

301 4199 360 4245 sive
384 4199 627 4257 emphyteuticum
640 4199 806 4256 predium...
823 4213 882 4244 n—
897 4198 991 4247 Possis
1009 4202 1100 4247 tamen
1115 4198 1284 4247 contendere
1299 4211 1362 4247 ver-

302 4288 367 4335 bum
380 4288 555 4350 ἐμφυτευτικόν
571 4287 601 4334 in
614 4286 791 4349 DIgestorum
801 4288 965 4350 fragmento,
978 4302 1010 4337 eo
1022 4288 1083 4351 ipso
1094 4288 1168 4350 quod
1181 4287 1285 4337 Graece
1298 4288 1361 4336 scri-

302 4378 390 4437 batur,
404 4377 438 4425 ad
452 4378 565 4441 Ulpiani
579 4382 697 4441 tempus,
706 4378 766 4427 siue
781 4378 1003 4441 interpolatione,
1018 4379 1194 4428 referendum
1210 4392 1279 4429 esse.

1179 4468 1196 4528 6
