<?xml version="1.0" encoding="UTF-8"?>
<!DOCTYPE html PUBLIC "-//W3C//DTD XHTML 1.0 Transitional//EN"
    "http://www.w3.org/TR/xhtml1/DTD/xhtml1-transitional.dtd">
<html xmlns="http://www.w3.org/1999/xhtml" xml:lang="en" lang="en">
 <head>
  <title>
</title>
<meta http-equiv="Content-Type" content="text/html;charset=utf-8" />
  <meta name='ocr-system' content='tesseract 3.04.00' />
  <meta name='ocr-capabilities' content='ocr_page ocr_carea ocr_par ocr_line ocrx_word'/>
</head>
<body>
  <div class='ocr_page' id='page_1' title='image "./deagrispublicis00lcgoog_0019.png"; bbox 0 0 3450 5234; ppageno 0'>
   <div class='ocr_carea' id='block_1_1' title="bbox 429 1471 1223 1860">
    <p class='ocr_par' dir='ltr' id='par_1_1' title="bbox 429 1471 1223 1860">
     <span class='ocr_line' id='line_1_1' title="bbox 615 1471 1036 1544; baseline -0.01 -2"><span class='ocrx_word' id='word_1_1' title='bbox 615 1471 756 1543; x_wconf 79' lang='lat' dir='ltr'>CAPUT</span> <span class='ocrx_word' id='word_1_2' title='bbox 786 1471 1036 1544; x_wconf 86' lang='lat' dir='ltr'><strong>SECUNDUM.</strong></span> 
     </span>
     <span class='ocr_line' id='line_1_2' title="bbox 429 1794 1223 1860; baseline -0.004 -15"><span class='ocrx_word' id='word_1_3' title='bbox 429 1795 472 1845; x_wconf 84' lang='lat' dir='ltr'><strong>nn</strong></span> <span class='ocrx_word' id='word_1_4' title='bbox 496 1795 593 1848; x_wconf 85' lang='lat' dir='ltr'><strong>novo</strong></span> <span class='ocrx_word' id='word_1_5' title='bbox 620 1795 846 1847; x_wconf 78' lang='lat' dir='ltr'><strong>raroruonro.</strong></span> <span class='ocrx_word' id='word_1_6' title='bbox 875 1794 1019 1860; x_wconf 82' lang='lat' dir='ltr'><strong>musone</strong></span> <span class='ocrx_word' id='word_1_7' title='bbox 1044 1795 1223 1847; x_wconf 76' lang='lat' dir='ltr'><strong>nonninus,</strong></span> 
     </span>
    </p>
   </div>
   <div class='ocr_carea' id='block_1_2' title="bbox 297 2080 1356 2298">
    <p class='ocr_par' dir='ltr' id='par_1_2' title="bbox 297 2080 1356 2298">
     <span class='ocr_line' id='line_1_3' title="bbox 345 2080 1356 2172; baseline -0.001 -19"><span class='ocrx_word' id='word_1_8' title='bbox 345 2082 445 2153; x_wconf 91' lang='lat' dir='ltr'><strong>Nunc</strong></span> <span class='ocrx_word' id='word_1_9' title='bbox 463 2081 647 2153; x_wconf 85' lang='lat' dir='ltr'><strong>veniamus</strong></span> <span class='ocrx_word' id='word_1_10' title='bbox 666 2081 712 2152; x_wconf 91' lang='lat' dir='ltr'><strong>ad</strong></span> <span class='ocrx_word' id='word_1_11' title='bbox 731 2080 828 2153; x_wconf 90' lang='lat' dir='ltr'><strong>aliud</strong></span> <span class='ocrx_word' id='word_1_12' title='bbox 848 2080 1075 2172; x_wconf 91' lang='lat' dir='ltr'><strong>praediorum</strong></span> <span class='ocrx_word' id='word_1_13' title='bbox 1094 2099 1225 2172; x_wconf 81' lang='lat' dir='ltr'><strong>genus,</strong></span> <span class='ocrx_word' id='word_1_14' title='bbox 1249 2081 1295 2152; x_wconf 89' lang='lat' dir='ltr'><strong>ad</strong></span> <span class='ocrx_word' id='word_1_15' title='bbox 1314 2099 1356 2153; x_wconf 88' lang='lat' dir='ltr'><strong>ea</strong></span> 
     </span>
     <span class='ocr_line' id='line_1_4' title="bbox 297 2204 1286 2298; baseline -0.001 -21"><span class='ocrx_word' id='word_1_16' title='bbox 297 2224 424 2297; x_wconf 81' lang='lat' dir='ltr'>nempe</span> <span class='ocrx_word' id='word_1_17' title='bbox 444 2224 535 2296; x_wconf 82' lang='lat' dir='ltr'><strong>quae</strong></span> <span class='ocrx_word' id='word_1_18' title='bbox 555 2206 599 2278; x_wconf 90' lang='lat' dir='ltr'><strong>ad</strong></span> <span class='ocrx_word' id='word_1_19' title='bbox 617 2205 875 2298; x_wconf 74' lang='lat' dir='ltr'><strong>patrimonium</strong></span> <span class='ocrx_word' id='word_1_20' title='bbox 897 2204 1071 2296; x_wconf 77' lang='lat' dir='ltr'><strong>principis</strong></span> <span class='ocrx_word' id='word_1_21' title='bbox 1092 2207 1286 2296; x_wconf 81' lang='lat' dir='ltr'><strong>pertinent.</strong></span> 
     </span>
    </p>
   </div>
   <div class='ocr_carea' id='block_1_3' title="bbox 822 2511 835 2580">
    <p class='ocr_par' dir='ltr' id='par_1_3' title="bbox 822 2511 835 2580">
     <span class='ocr_line' id='line_1_5' title="bbox 822 2511 835 2580; baseline 0 0"><span class='ocrx_word' id='word_1_22' title='bbox 822 2511 835 2580; x_wconf 89' lang='lat'><em>1</em></span> 
     </span>
    </p>
   </div>
   <div class='ocr_carea' id='block_1_4' title="bbox 294 2733 1432 3823">
    <p class='ocr_par' dir='ltr' id='par_1_4' title="bbox 294 2733 1432 3823">
     <span class='ocr_line' id='line_1_6' title="bbox 344 2733 1356 2828; baseline 0.001 -24"><span class='ocrx_word' id='word_1_23' title='bbox 344 2733 493 2805; x_wconf 81' lang='lat' dir='ltr'><strong>Necesse</strong></span> <span class='ocrx_word' id='word_1_24' title='bbox 511 2734 607 2805; x_wconf 93' lang='lat' dir='ltr'><strong>enim</strong></span> <span class='ocrx_word' id='word_1_25' title='bbox 627 2734 754 2814; x_wconf 85' lang='lat' dir='ltr'><strong>iuerat,</strong></span> <span class='ocrx_word' id='word_1_26' title='bbox 777 2734 847 2805; x_wconf 92' lang='lat' dir='ltr'><strong>iam</strong></span> <span class='ocrx_word' id='word_1_27' title='bbox 868 2733 913 2805; x_wconf 89' lang='lat' dir='ltr'><strong>ab</strong></span> <span class='ocrx_word' id='word_1_28' title='bbox 933 2733 1036 2805; x_wconf 91' lang='lat' dir='ltr'><strong>initio</strong></span> <span class='ocrx_word' id='word_1_29' title='bbox 1058 2734 1294 2828; x_wconf 85' lang='lat' dir='ltr'><strong>principatus,</strong></span> <span class='ocrx_word' id='word_1_30' title='bbox 1317 2740 1356 2805; x_wconf 95' lang='lat' dir='ltr'><strong>ut</strong></span> 
     </span>
     <span class='ocr_line' id='line_1_7' title="bbox 296 2855 1353 2950; baseline 0.005 -25"><span class='ocrx_word' id='word_1_31' title='bbox 296 2875 317 2925; x_wconf 91' lang='lat' dir='ltr'><strong>a</strong></span> <span class='ocrx_word' id='word_1_32' title='bbox 336 2855 422 2929; x_wconf 88' lang='lat' dir='ltr'><strong>fisco</strong></span> <span class='ocrx_word' id='word_1_33' title='bbox 440 2859 612 2950; x_wconf 84' lang='lat' dir='ltr'><strong>pecuniae</strong></span> <span class='ocrx_word' id='word_1_34' title='bbox 632 2859 715 2930; x_wconf 91' lang='lat' dir='ltr'><strong>illae</strong></span> <span class='ocrx_word' id='word_1_35' title='bbox 734 2857 1052 2950; x_wconf 80' lang='lat' dir='ltr'><strong>distinguerentur,</strong></span> <span class='ocrx_word' id='word_1_36' title='bbox 1076 2877 1167 2948; x_wconf 84' lang='lat' dir='ltr'><strong>qnae</strong></span> <span class='ocrx_word' id='word_1_37' title='bbox 1186 2858 1353 2950; x_wconf 82' lang='lat' dir='ltr'>principi,</span> 
     </span>
     <span class='ocr_line' id='line_1_8' title="bbox 296 2980 1356 3074; baseline 0.005 -24"><span class='ocrx_word' id='word_1_38' title='bbox 296 2980 452 3071; x_wconf 86' lang='lat' dir='ltr'><strong>privato,</strong></span> <span class='ocrx_word' id='word_1_39' title='bbox 475 2989 514 3054; x_wconf 94' lang='lat' dir='ltr'><strong>ut</strong></span> <span class='ocrx_word' id='word_1_40' title='bbox 533 2983 582 3055; x_wconf 96' lang='lat' dir='ltr'><strong>ita</strong></span> <span class='ocrx_word' id='word_1_41' title='bbox 602 2983 716 3055; x_wconf 88' lang='lat' dir='ltr'><strong>dicam</strong></span> <span class='ocrx_word' id='word_1_42' title='bbox 741 2982 834 3065; x_wconf 85' lang='lat' dir='ltr'><strong>viro,</strong></span> <span class='ocrx_word' id='word_1_43' title='bbox 857 3001 900 3054; x_wconf 82' lang='lat' dir='ltr'><strong>ex</strong></span> <span class='ocrx_word' id='word_1_44' title='bbox 922 2983 1071 3074; x_wconf 88' lang='lat' dir='ltr'><strong>privatis</strong></span> <span class='ocrx_word' id='word_1_45' title='bbox 1096 2982 1356 3056; x_wconf 80' lang='lat' dir='ltr'><strong>hereditatibus</strong></span> 
     </span>
     <span class='ocr_line' id='line_1_9' title="bbox 295 3107 1432 3199; baseline 0.008 -22"><span class='ocrx_word' id='word_1_46' title='bbox 295 3108 349 3179; x_wconf 83' lang='lat' dir='ltr'><strong>vel</strong></span> <span class='ocrx_word' id='word_1_47' title='bbox 374 3108 453 3180; x_wconf 90' lang='lat' dir='ltr'><strong>aliis</strong></span> <span class='ocrx_word' id='word_1_48' title='bbox 477 3107 677 3180; x_wconf 90' lang='lat' dir='ltr'><strong>rationibus</strong></span> <span class='ocrx_word' id='word_1_49' title='bbox 701 3108 942 3199; x_wconf 89' lang='lat' dir='ltr'><strong>provenirent.</strong></span> <span class='ocrx_word' id='word_1_50' title='bbox 966 3109 1039 3178; x_wconf 87' lang='lat' dir='ltr'><strong>lam</strong></span> <span class='ocrx_word' id='word_1_51' title='bbox 1057 3109 1107 3180; x_wconf 88' lang='lat' dir='ltr'><strong>ita</strong></span> <span class='ocrx_word' id='word_1_52' title='bbox 1126 3108 1255 3180; x_wconf 89' lang='lat' dir='ltr'><strong>iactum</strong></span> <span class='ocrx_word' id='word_1_53' title='bbox 1276 3127 1356 3180; x_wconf 90' lang='lat' dir='ltr'><strong>esse</strong></span> <span class='ocrx_word' id='word_1_54' title='bbox 1427 3178 1432 3186; x_wconf 87' lang='lat'>.</span> 
     </span>
     <span class='ocr_line' id='line_1_10' title="bbox 294 3229 1353 3326; baseline 0 -24"><span class='ocrx_word' id='word_1_55' title='bbox 294 3233 493 3325; x_wconf 87' lang='lat' dir='ltr'><strong>imperante</strong></span> <span class='ocrx_word' id='word_1_56' title='bbox 509 3234 666 3326; x_wconf 80' lang='lat' dir='ltr'><strong>Augusto</strong></span> <span class='ocrx_word' id='word_1_57' title='bbox 694 3234 932 3324; x_wconf 77' lang='lat' dir='ltr'><strong>comperimus</strong></span> <span class='ocrx_word' id='word_1_58' title='bbox 957 3229 1058 3304; x_wconf 90' lang='lat' dir='ltr'><strong>cuius</strong></span> <span class='ocrx_word' id='word_1_59' title='bbox 1086 3233 1251 3324; x_wconf 86' lang='lat' dir='ltr'><strong>propriae</strong></span> <span class='ocrx_word' id='word_1_60' title='bbox 1281 3233 1353 3304; x_wconf 87' lang='lat' dir='ltr'><strong>ior-</strong></span> 
     </span>
     <span class='ocr_line' id='line_1_11' title="bbox 295 3357 1356 3449; baseline 0 -19"><span class='ocrx_word' id='word_1_61' title='bbox 295 3366 403 3431; x_wconf 89' lang='lat' dir='ltr'><strong>tunae</strong></span> <span class='ocrx_word' id='word_1_62' title='bbox 437 3357 579 3449; x_wconf 89' lang='lat' dir='ltr'><strong>saepius</strong></span> <span class='ocrx_word' id='word_1_63' title='bbox 613 3366 883 3430; x_wconf 89' lang='lat' dir='ltr'><strong>enumerantur.</strong></span> <span class='ocrx_word' id='word_1_64' title='bbox 910 3357 1011 3443; x_wconf 84' lang='lat' dir='ltr'><strong>Quod</strong></span> <span class='ocrx_word' id='word_1_65' title='bbox 1050 3357 1143 3445; x_wconf 91' lang='lat' dir='ltr'><strong>enim</strong></span> <span class='ocrx_word' id='word_1_66' title='bbox 1180 3358 1229 3430; x_wconf 88' lang='lat' dir='ltr'><strong>ait</strong></span> <span class='ocrx_word' id='word_1_67' title='bbox 1260 3359 1356 3449; x_wconf 88' lang='lat' dir='ltr'><strong>apud</strong></span> 
     </span>
     <span class='ocr_line' id='line_1_12' title="bbox 297 3480 1356 3576; baseline 0.001 -23"><span class='ocrx_word' id='word_1_68' title='bbox 297 3482 504 3555; x_wconf 88' lang='lat' dir='ltr'><strong>Suetonium</strong></span> <span class='ocrx_word' id='word_1_69' title='bbox 530 3480 585 3576; x_wconf 83' lang='lat' dir='ltr'><strong>(t)</strong></span> <span class='ocrx_word' id='word_1_70' title='bbox 609 3483 654 3554; x_wconf 93' lang='lat' dir='ltr'><strong>ad</strong></span> <span class='ocrx_word' id='word_1_71' title='bbox 683 3482 832 3554; x_wconf 92' lang='lat' dir='ltr'><strong>heredes</strong></span> <span class='ocrx_word' id='word_1_72' title='bbox 862 3501 947 3553; x_wconf 93' lang='lat' dir='ltr'><strong>snos</strong></span> <span class='ocrx_word' id='word_1_73' title='bbox 976 3491 1248 3572; x_wconf 86' lang='lat' dir='ltr'><strong>perventurum,</strong></span> <span class='ocrx_word' id='word_1_74' title='bbox 1275 3500 1356 3554; x_wconf 88' lang='lat' dir='ltr'><strong>vere</strong></span> 
     </span>
     <span class='ocr_line' id='line_1_13' title="bbox 295 3607 1356 3699; baseline -0.001 -20"><span class='ocrx_word' id='word_1_75' title='bbox 295 3609 548 3698; x_wconf 83' lang='lat' dir='ltr'><strong>patrimonium</strong></span> <span class='ocrx_word' id='word_1_76' title='bbox 575 3617 668 3692; x_wconf 90' lang='lat' dir='ltr'><strong>erat,</strong></span> <span class='ocrx_word' id='word_1_77' title='bbox 692 3627 807 3699; x_wconf 85' lang='lat' dir='ltr'><strong>neque</strong></span> <span class='ocrx_word' id='word_1_78' title='bbox 837 3609 985 3680; x_wconf 92' lang='lat' dir='ltr'><strong>dubium</strong></span> <span class='ocrx_word' id='word_1_79' title='bbox 1016 3617 1070 3680; x_wconf 91' lang='lat' dir='ltr'><strong>est</strong></span> <span class='ocrx_word' id='word_1_80' title='bbox 1096 3609 1184 3698; x_wconf 84' lang='lat' dir='ltr'><strong>quin</strong></span> <span class='ocrx_word' id='word_1_81' title='bbox 1217 3607 1261 3681; x_wconf 93' lang='lat' dir='ltr'><strong>de</strong></span> <span class='ocrx_word' id='word_1_82' title='bbox 1289 3609 1356 3679; x_wconf 92' lang='lat' dir='ltr'><strong>boc</strong></span> 
     </span>
     <span class='ocr_line' id='line_1_14' title="bbox 296 3732 1355 3823; baseline 0.002 -20"><span class='ocrx_word' id='word_1_83' title='bbox 296 3733 509 3822; x_wconf 87' lang='lat' dir='ltr'><strong>patrimonio</strong></span> <span class='ocrx_word' id='word_1_84' title='bbox 537 3739 809 3805; x_wconf 89' lang='lat' dir='ltr'><strong>monumentum</strong></span> <span class='ocrx_word' id='word_1_85' title='bbox 841 3732 1065 3823; x_wconf 74' lang='lat' dir='ltr'><strong>Ancyranum</strong></span> <span class='ocrx_word' id='word_1_86' title='bbox 1098 3733 1265 3822; x_wconf 84' lang='lat' dir='ltr'><strong>loquatur</strong></span> <span class='ocrx_word' id='word_1_87' title='bbox 1297 3734 1355 3805; x_wconf 91' lang='lat' dir='ltr'><strong>bis</strong></span> 
     </span>
    </p>
   </div>
   <div class='ocr_carea' id='block_1_5' title="bbox 295 4005 1353 4423">
    <p class='ocr_par' dir='ltr' id='par_1_5' title="bbox 295 4005 1353 4423">
     <span class='ocr_line' id='line_1_15' title="bbox 326 4005 1353 4070; baseline 0.001 -17"><span class='ocrx_word' id='word_1_88' title='bbox 326 4005 357 4070; x_wconf 84' lang='lat'><strong>(1)</strong></span> <span class='ocrx_word' id='word_1_89' title='bbox 373 4007 453 4069; x_wconf 57' lang='lat' dir='ltr'><strong>Aug,</strong></span> <span class='ocrx_word' id='word_1_90' title='bbox 469 4005 529 4055; x_wconf 86' lang='lat'>101:</span> <span class='ocrx_word' id='word_1_91' title='bbox 548 4021 559 4052; x_wconf 88' lang='lat' dir='ltr'><strong>u</strong></span> <span class='ocrx_word' id='word_1_92' title='bbox 576 4005 714 4055; x_wconf 81' lang='lat' dir='ltr'><strong>Excusata</strong></span> <span class='ocrx_word' id='word_1_93' title='bbox 728 4007 768 4055; x_wconf 91' lang='lat' dir='ltr'><strong>rei</strong></span> <span class='ocrx_word' id='word_1_94' title='bbox 786 4006 928 4054; x_wconf 86' lang='lat' dir='ltr'><strong>familiaris</strong></span> <span class='ocrx_word' id='word_1_95' title='bbox 939 4006 1129 4054; x_wconf 88' lang='lat' dir='ltr'><strong>mediocritate</strong></span> <span class='ocrx_word' id='word_1_96' title='bbox 1144 4019 1195 4054; x_wconf 88' lang='lat' dir='ltr'><strong>nec</strong></span> <span class='ocrx_word' id='word_1_97' title='bbox 1213 4006 1274 4068; x_wconf 88' lang='lat' dir='ltr'><strong>pius</strong></span> <span class='ocrx_word' id='word_1_98' title='bbox 1290 4019 1353 4068; x_wconf 89' lang='lat' dir='ltr'><strong>per-</strong></span> 
     </span>
     <span class='ocr_line' id='line_1_16' title="bbox 295 4095 1351 4157; baseline -0.002 -13"><span class='ocrx_word' id='word_1_99' title='bbox 295 4099 441 4144; x_wconf 85' lang='lat' dir='ltr'><strong>venturum</strong></span> <span class='ocrx_word' id='word_1_100' title='bbox 465 4095 498 4143; x_wconf 87' lang='lat' dir='ltr'><strong>ad</strong></span> <span class='ocrx_word' id='word_1_101' title='bbox 519 4095 634 4144; x_wconf 91' lang='lat' dir='ltr'><strong>heredes</strong></span> <span class='ocrx_word' id='word_1_102' title='bbox 654 4109 720 4144; x_wconf 92' lang='lat' dir='ltr'><strong>suos</strong></span> <span class='ocrx_word' id='word_1_103' title='bbox 739 4109 820 4157; x_wconf 84' lang='lat' dir='ltr'><strong>quam</strong></span> <span class='ocrx_word' id='word_1_104' title='bbox 844 4095 933 4143; x_wconf 83' lang='lat' dir='ltr'><strong>milies</strong></span> <span class='ocrx_word' id='word_1_105' title='bbox 955 4099 982 4142; x_wconf 87' lang='lat' dir='ltr'><strong>et</strong></span> <span class='ocrx_word' id='word_1_106' title='bbox 1001 4095 1176 4156; x_wconf 85' lang='lat' dir='ltr'><strong>quingenties</strong></span> <span class='ocrx_word' id='word_1_107' title='bbox 1196 4095 1351 4156; x_wconf 76' lang='lat' dir='ltr'><strong>professuS‚</strong></span> 
     </span>
     <span class='ocr_line' id='line_1_17' title="bbox 296 4183 1352 4246; baseline 0 -15"><span class='ocrx_word' id='word_1_108' title='bbox 296 4183 419 4244; x_wconf 88' lang='lat' dir='ltr'><strong>quamvis</strong></span> <span class='ocrx_word' id='word_1_109' title='bbox 437 4183 535 4246; x_wconf 83' lang='lat' dir='ltr'><strong>viginti</strong></span> <span class='ocrx_word' id='word_1_110' title='bbox 551 4184 684 4245; x_wconf 87' lang='lat' dir='ltr'><strong>proximis</strong></span> <span class='ocrx_word' id='word_1_111' title='bbox 705 4184 783 4232; x_wconf 85' lang='lat' dir='ltr'><strong>annis</strong></span> <span class='ocrx_word' id='word_1_112' title='bbox 798 4187 895 4245; x_wconf 87' lang='lat' dir='ltr'><strong>quater</strong></span> <span class='ocrx_word' id='word_1_113' title='bbox 910 4183 1002 4231; x_wconf 88' lang='lat' dir='ltr'><strong>decies</strong></span> <span class='ocrx_word' id='word_1_114' title='bbox 1021 4183 1109 4230; x_wconf 89' lang='lat' dir='ltr'><strong>milies</strong></span> <span class='ocrx_word' id='word_1_115' title='bbox 1125 4195 1159 4230; x_wconf 85' lang='lat' dir='ltr'><strong>ex</strong></span> <span class='ocrx_word' id='word_1_116' title='bbox 1181 4183 1352 4231; x_wconf 82' lang='lat' dir='ltr'><strong>testamentis</strong></span> 
     </span>
     <span class='ocr_line' id='line_1_18' title="bbox 296 4272 1351 4336; baseline -0.003 -14"><span class='ocrx_word' id='word_1_117' title='bbox 296 4273 445 4322; x_wconf 86' lang='lat' dir='ltr'><strong>amicorum</strong></span> <span class='ocrx_word' id='word_1_118' title='bbox 461 4273 639 4336; x_wconf 87' lang='lat' dir='ltr'><strong>percepisset,</strong></span> <span class='ocrx_word' id='word_1_119' title='bbox 653 4272 727 4334; x_wconf 89' lang='lat' dir='ltr'><strong>quod</strong></span> <span class='ocrx_word' id='word_1_120' title='bbox 738 4285 824 4335; x_wconf 86' lang='lat' dir='ltr'><strong>paene</strong></span> <span class='ocrx_word' id='word_1_121' title='bbox 837 4285 919 4322; x_wconf 90' lang='lat' dir='ltr'><strong>omne</strong></span> <span class='ocrx_word' id='word_1_122' title='bbox 932 4286 995 4321; x_wconf 88' lang='lat' dir='ltr'><strong>cum</strong></span> <span class='ocrx_word' id='word_1_123' title='bbox 1008 4272 1115 4321; x_wconf 91' lang='lat' dir='ltr'><strong>duobus</strong></span> <span class='ocrx_word' id='word_1_124' title='bbox 1130 4273 1251 4333; x_wconf 86' lang='lat' dir='ltr'><strong>paternis</strong></span> <span class='ocrx_word' id='word_1_125' title='bbox 1267 4273 1351 4334; x_wconf 86' lang='lat' dir='ltr'><strong>patri-</strong></span> 
     </span>
     <span class='ocr_line' id='line_1_19' title="bbox 296 4360 1250 4423; baseline -0.001 -16"><span class='ocrx_word' id='word_1_126' title='bbox 296 4361 394 4409; x_wconf 91' lang='lat' dir='ltr'><strong>moniis</strong></span> <span class='ocrx_word' id='word_1_127' title='bbox 410 4361 563 4422; x_wconf 87' lang='lat' dir='ltr'><strong>ceterisque</strong></span> <span class='ocrx_word' id='word_1_128' title='bbox 579 4361 778 4410; x_wconf 88' lang='lat' dir='ltr'><strong>hereditatibus</strong></span> <span class='ocrx_word' id='word_1_129' title='bbox 793 4361 821 4408; x_wconf 90' lang='lat' dir='ltr'><strong>in</strong></span> <span class='ocrx_word' id='word_1_130' title='bbox 836 4362 1032 4423; x_wconf 86' lang='lat' dir='ltr'><strong>rempublicam</strong></span> <span class='ocrx_word' id='word_1_131' title='bbox 1047 4360 1221 4408; x_wconf 85' lang='lat' dir='ltr'><strong>absumisset.</strong></span> <span class='ocrx_word' id='word_1_132' title='bbox 1238 4375 1250 4406; x_wconf 86' lang='lat' dir='ltr'><strong>r</strong></span> 
     </span>
    </p>
   </div>
   <div class='ocr_carea' id='block_1_6' title="bbox 0 0 1730 5234">
    <p class='ocr_par' dir='ltr' id='par_1_6' title="bbox 0 0 1730 5234">
     <span class='ocr_line' id='line_1_20' title="bbox 0 0 1730 5234; baseline 0 0"><span class='ocrx_word' id='word_1_133' title='bbox 0 0 1730 5234; x_wconf 95' lang='lat' dir='ltr'><strong> </strong></span> 
     </span>
    </p>
   </div>
  </div>
 </body>
</html>
