3450 5234
855 574 1026 637 ·-9e-

334 803 339 811 4
407 712 589 806 priuatae,
611 734 678 803 por
696 712 902 806 Illyricum,
922 735 990 805 por
1008 712 1154 783 Italiam
1177 710 1326 807 (1),ρετ
1348 710 1480 783 Urbem

414 837 568 908 Romam
594 843 630 907 et
651 836 917 907 suburbicarias
941 836 1101 928 regiones
1126 859 1207 908 oum
1228 843 1336 929 porte
1353 836 1477 906 Faus·

416 964 528 1045 tinae,
558 984 629 1053 ρετ
656 960 830 1044 Siciliam,
852 984 923 1054 per
947 962 1141 1055 Africam,
1165 984 1233 1053 ρετ
1256 962 1477 1053 Hispanias,

410 1108 480 1179 per
504 1084 659 1167 Gallias,
676 1108 750 1178 por
774 1086 925 1179 quinquo
945 1086 1172 1179 provincias,
1194 1085 1393 1179 fundorum
1421 1086 1482 1155 do·

413 1236 491 1281 mus
510 1211 658 1281 diutinae
673 1234 744 1303 per
763 1210 949 1305 Africam.

465 1335 645 1407 Habemus
665 1342 788 1426 postea
807 1341 1060 1426 procuratores
1078 1334 1134 1403 roi
1154 1334 1318 1428 priuatae
1337 1353 1400 1425 ρετ
1418 1336 1477 1406 Si-

294 1438 297 1446 *
353 1523 355 1526 .
415 1460 554 1539 elliam,
575 1477 638 1550 ρετ
657 1460 823 1549 Apuliam
842 1467 877 1530 et
896 1459 1095 1530 Calabriam
1117 1460 1191 1530 sive
1211 1459 1323 1531 saltus
1344 1458 1480 1530 Carmi-

388 1645 390 1649 .
416 1584 609 1656 nianenses
630 1581 702 1677 (R),
726 1572 788 1676 per
810 1584 1039 1665 Dalmatiam,
1062 1602 1124 1675 ρετ
1144 1584 1302 1666 saviam,
1323 1601 1386 1674 ρετ
1406 1585 1477 1655 lta·

416 1709 521 1788 liam,
551 1728 614 1800 ρετ
641 1708 771 1779 Urbem
800 1710 969 1789 Romam,
996 1727 1059 1799 per
1086 1707 1282 1780 urbicarias
1316 1709 1479 1799 regiones

416 1855 534 1908 rerum
566 1835 714 1915 loliani,
744 1852 806 1925 ρετ
834 1834 1083 1907 Mauritaniam
1110 1834 1339 1913 Sitifensem
1365 1852 1477 1904 unum

410 1960 658 2055 praepositum
676 1958 733 2031 rei
744 1959 914 2053 priuatae
934 1978 996 2051 ρετ
1017 1960 1255 2048 Sequanioum
1278 1966 1312 2030 et
1331 1960 1477 2030 Germa·

416 2086 512 2158 niam
535 2087 713 2177 primam;
738 2092 823 2157 sunt
842 2086 949 2156 etiam
976 2085 1046 2157 duo
1074 2092 1319 2176 procuratores
1345 2101 1477 2175 gynae-

415 2212 549 2283 ciorum
587 2208 634 2304 (5)
675 2209 789 2305 (unde
823 2211 929 2282 etlam
968 2229 1009 2282 ετ
1043 2209 1200 2301 praediis
1239 2209 1288 2279 rei
1323 2209 1480 2298 privatae

415 2339 597 2410 materiem
623 2337 801 2429 gynaeciis
826 2336 989 2428 praeberi
1018 2334 1063 2406 ad
1088 2353 1177 2426 opus
1205 2333 1352 2405 lanificii
1381 2351 1479 2405 exer-

414 2464 565 2536 cendum
591 2459 864 2556 comperimus)3
887 2480 1004 2534 comes
1029 2480 1122 2531 unus
1150 2459 1347 2531 Gildonlaoi
1372 2458 1480 2549 patri·

415 2589 551 2671 monii,
584 2587 630 2660 ad
665 2587 952 2659 administranda
984 2584 1146 2657 Gildonis
1184 2585 1280 2655 bona
1317 2589 1478 2665 oreatuS,

415 2732 521 2805 quem
558 2732 630 2784 non
664 2713 800 2784 diutius
834 2713 1016 2784 exstitisse
1036 2711 1234 2803 probabile
1267 2717 1348 2788 est:
1385 2727 1480 2779 unus

415 2856 532 2910 comes
552 2837 779 2929 largitionum
804 2838 1042 2927 privatarum,
1065 2836 1165 2907 cuius
1194 2836 1376 2927 proprium
1403 2852 1481 2903 mu-

414 2983 483 3035 nus
511 2963 693 3055 ignoratur
716 2959 780 3056 (l).
803 2962 874 3036 Cur
903 2962 1008 3033 etiam
1039 2960 1107 3032 sub
1135 2959 1309 3052 praelecto
1335 2964 1479 3049 praeto·

446 3219 478 3282 (l)
493 3219 525 3268 ln
541 3219 647 3268 Notitia
662 3218 828 3280 dignitatum
843 3221 909 3265 sunt
925 3230 931 3264 ε

600 3344 758 3393 Rationalis
770 3356 874 3390 rerum
887 3344 1070 3401 privatarum
1084 3354 1136 3401 ρετ
1150 3341 1273 3389 ltaliam.

600 3433 757 3483 Rationalis
773 3434 814 3479 rei
825 3434 954 3491 privatae
966 3445 1018 3491 ρετ
1032 3433 1153 3480 ltaliam.

462 3523 588 3573 Alterum
603 3525 772 3572 rationalem
788 3522 972 3580 roi-privatae
987 3534 1039 3579 ρετ
1054 3520 1175 3567 ltaliam.

415 3648 585 3711 Bbclringius
603 3649 663 3696 iure
683 3645 838 3695 radendum
859 3648 939 3707 putat
960 3644 1014 3693 nisi
1034 3645 1105 3693 forte
1120 3644 1150 3691 in
1167 3643 1227 3692 solo
1242 3643 1354 3691 nomine
1367 3644 1484 3691 ltaliam

416 3744 537 3789 erratum
553 3742 602 3788 est.

447 3828 480 3893 (2)
496 3828 625 3877 Vidimus
643 3828 710 3875 haec
725 3824 839 3888 praedia
853 3825 908 3874 lam
925 3825 954 3872 in
967 3828 1056 3872 aetate
1070 3822 1196 3872 Frontinl
1211 3823 1284 3871 inter
1297 3821 1337 3869 rei
1357 3822 1484 3883 privatae

417 3903 609 3981 posbessibnes
623 3913 821 3964 numemerata'.
838 3929 850 3960 n
866 3912 912 3964 Gi:
925 3912 1057 3975 adeling,
1075 3916 1107 3962 N.
1124 3916 1154 3972 l),
1170 3910 1204 3973 ll,
1221 3925 1247 3973 ρ,
1263 3910 1310 3959 386
1322 3908 1484 3973 (Carminia

416 4007 628 4066 nenses-saltus,
643 4004 728 4054 hodie
743 4002 936 4066 Garmignan0‚
954 4000 1097 4053 Calabriae
1109 3999 1264 4063 oppidum).
1322 4047 1325 4055 ,
1362 4025 1365 4035 ν
1423 4023 1428 4035 ·

448 4096 481 4160 (3)
498 4096 538 4145 Do
553 4094 701 4158 gynaeceis
717 4093 780 4143 vide
796 4092 938 4155 Bbcliing,
954 4096 1015 4141 Not.
1031 4078 1085 4148 οτῖ,
1102 4104 1124 4139 ε.
1142 4089 1202 4151 XII,
1219 4104 1244 4152 p.
1264 4088 1318 4149 253,
1337 4102 1363 4139 n.
1381 4088 1416 4137 ll.

448 4186 482 4249 (l)
496 4185 538 4235 Os.
556 4184 656 4241 Orelli,
672 4182 733 4232 3189
749 4195 755 4230 :
773 4197 785 4227 o
802 4185 842 4231 Ti.
860 4183 1015 4229 Corconius
1034 4184 1064 4228 V.
1081 4184 1107 4228 G.
1126 4193 1158 4227 ox
1174 4182 1275 4227 comite
1292 4180 1481 4239 largitionum

416 4278 596 4336 privatarum
612 4286 645 4320 ox
656 4278 734 4331 ρτεε.
749 4280 780 4306 -2
796 4269 852 4319 Sed
867 4270 939 4318 torta
954 4268 999 4317 ille
1015 4268 1088 4316 idern
1106 4272 1147 4317 est
1165 4279 1195 4315 ao
1212 4279 1303 4315 comes
1319 4280 1411 4315 renim
1423 4265 1484 4329 pri-

418 4368 552 4416 vatarum.
567 4387 599 4397 -
613 4360 902 4421 Gomeslargitionum
917 4358 946 4406 in
961 4354 990 4407 O.
1008 4356 1072 4417 Th„
1089 4357 1122 4419 X,
1136 4356 1164 4418 2,
1181 4356 1207 4418 l,
1223 4361 1316 4405 utrum
1329 4363 1420 4405 eomes
1434 4369 1484 4404 sa·
1513 4338 1516 4345 ⁴
