3450 5234
836 592 1016 657 „100-

395 728 629 805 iudicantem,
651 729 725 801 sive
747 731 913 803 comitem
933 752 1113 805 sacrarum
1135 734 1363 825 largitionum
1385 737 1460 825 siue

393 854 556 925 comitem
592 856 641 925 rei
675 855 832 945 priuatae
868 853 939 951 (1),
975 858 1049 929 sive
1084 859 1335 949 proconsulem
1368 861 1459 936 Airi-

355 994 358 999 ·
392 998 451 1051 cae
474 980 547 1071 (1),
571 981 645 1053 sive
673 1000 714 1055 ex
743 972 965 1074 delegatione
994 984 1155 1067 comitis,
1181 985 1226 1056 ad
1257 985 1461 1077 praesidem

392 1106 445 1176 vel
463 1107 570 1177 etiam
588 1107 634 1178 ad
653 1107 869 1197 praelectum
890 1109 970 1181 urbi
988 1106 1043 1203 (5)
1063 1118 1287 1201 prouocatur.

320 1301 323 1307 .
440 1231 552 1315 Quam
586 1232 720 1304 multae
755 1240 873 1305 autem
912 1233 1171 1311 controuersiae
1209 1241 1353 1327 propter
1390 1237 1457 1308 has

389 1356 649 1448 appellationes
672 1367 924 1445 nascerentur,
946 1359 1065 1431 videre
1087 1366 1142 1431 est
1160 1378 1203 1433 ex
1224 1360 1457 1435 mullitudine

389 1482 507 1573 legum
536 1483 581 1554 ad
605 1501 678 1555 roro
703 1485 960 1575 pertinentium
986 1492 1020 1557 et
1046 1486 1275 1578 potissimum
1297 1503 1340 1558 ex
1361 1487 1452 1559 rela-

389 1606 486 1679 tione
506 1608 661 1698 quadam
683 1608 886 1700 Symmachi
911 1605 958 1704 (l)
982 1628 1088 1701 quam
1110 1607 1259 1701 propius
1278 1610 1456 1701 inspicere

268 1808 273 1817 ,
389 1732 476 1805 libet
492 1757 501 1803 ε
520 1752 635 1823 quum·
652 1734 838 1806 rationalis
855 1731 906 1805 rei
923 1733 1093 1824 privatae,
1112 1732 1309 1825 delegatae
1326 1735 1456 1809 comite

388 1858 439 1928 rei
459 1858 615 1947 privatae
635 1856 855 1949 cognitione,
874 1856 1107 1929 hereditatem
1127 1857 1319 1948 quamdam
1340 1858 1378 1929 in
1398 1859 1455 1934 ius

389 1982 465 2054 fisci
491 1982 614 2072 inique
641 1982 857 2083 redegisset,
880 1981 1104 2073 heredesque
1127 1984 1455 2074 provocavissenta

388 2108 582 2187 sententia,
603 2106 689 2180 fiseo
710 2107 871 2198 placebat
891 2114 929 2179 ut
949 2126 1074 2179 rursus
1095 2106 1260 2179 rationali
1280 2107 1453 2180 iudicium

388 2232 664 2315 transforatum
690 2251 802 2322 quum
831 2240 950 2304 autem
981 2233 1233 2322 Symmachus,
1256 2231 1454 2322 praelectus

386 2358 488 2438 urbi,
511 2376 549 2429 re
575 2357 731 2448 potitos,
753 2357 968 2431 sententiam
1004 2357 1187 2429 rationalis
1217 2355 1452 2439 abolevisset,

387 2481 495 2554 fiscus
532 2484 599 2555 lroc
633 2484 806 2555 indicium
841 2483 1091 2575 prouocatione
1124 2482 1169 2554 ad
1203 2482 1453 2573 imperatorem

392 2605 483 2677 lacta
505 2604 569 2699 (6),
587 2606 789 2699 suspendit.
1206 2609 1213 2623 '

435 2731 504 2804 Sed
530 2732 628 2805 istud
652 2732 689 2802 io
716 2733 843 2822 primis
868 2730 1066 2803 notandum
1092 2737 1146 2803 est
1171 2739 1346 2821 quantum
1375 2732 1452 2807 suis

385 2857 644 2930 iurisdictionis
671 2857 889 2956 privilegiis,
917 2856 963 2929 ad
990 2858 1187 2929 vicinorum
1216 2858 1451 2949 agricolarum

385 2983 662 3065 detrimentum,
699 2989 970 3074 procuratores,
1010 2981 1263 3065 conductores,
1299 2985 1449 3075 emphy-

384 3114 502 3180 teutae
528 3108 663 3198 aliique
695 3108 889 3180 fundorum
917 3106 1092 3179 fiscalium
1127 3106 1292 3179 homines
1325 3106 1452 3180 abute-

383 3240 530 3315 rentur,
559 3235 701 3323 qooties
728 3240 851 3305 contra
884 3250 1005 3306 eorum
1038 3230 1272 3304 contumelias
1303 3231 1451 3323 deprae-

383 3356 619 3447 dationesque
656 3356 936 3448 provincIalihus
971 3374 1177 3429 succurrere
1217 3356 1451 3448 imperatores

383 3482 555 3555 deberent
586 3480 651 3576 (6).
680 3481 862 3555 Habemus
896 3480 1187 3557 constitutionem
1222 3479 1354 3553 liberii
1381 3482 1451 3575 capt

380 3617 442 3675 τῶν
468 3608 551 3677 θείων
579 3606 669 3675 οἴκων
689 3606 745 3697 (7)
764 3604 825 3700 (de
845 3605 979 3678 diuinis
998 3602 1183 3699 domibus)
1204 3604 1265 3677 uhi
1285 3605 1450 3697 queritur

411 3854 443 3919 (l)
459 3854 489 3906 G.
506 3855 566 3918 Τ11.,
579 3853 627 3915 XI,
643 3854 681 3915 30,
699 3853 900 3916 18,ῑ,11,18,15.
916 3852 948 3904 O.
964 3852 1042 3915 lust„
1057 3852 1105 3915 XI,
1123 3850 1198 3914 17,1.

409 3942 444 4005 (1)
456 3940 487 3992 G.
502 3942 562 4003 Τ11.,
578 3942 626 4003 XI,
642 3942 681 4003 m,
696 3942 736 3995 68.

411 4030 444 4095 (3)
456 4030 488 4085 G.
504 4032 564 4095 Τ11.,
580 4031 627 4094 XI,
644 4031 683 4093 ³0,
699 4031 738 4095 15,
754 4031 793 4082 19.

415 4121 451 4184 (1)
466 4123 500 4186 X,
516 4122 546 4173 61
557 4121 669 4187 (Iligne,
683 4127 712 4174 P.
727 4120 778 4185 1.).

408 4213 444 4274 (5)
459 4212 500 4261 Ex
515 4214 576 4275 lege
593 4212 711 4274 quadam
727 4210 792 4260 anni
808 4209 853 4261 383
868 4210 909 4273 (0.
925 4208 985 4268 Τ11.,
1002 4208 1049 4270 XI,
1066 4210 1105 4274 30,
1118 4210 1167 4275 11).

382 4342 387 4346 .
410 4302 443 4365 (6)
459 4301 490 4355 G.
507 4302 566 4362 Τ11.,
581 4303 614 4363 X,
629 4302 669 4363 16,
684 4302 707 4354 1.
724 4300 755 4352 G.
771 4301 850 4360 lust„
863 4300 910 4364 XI,
923 4301 963 4364 71,
981 4302 1006 4361 1;
1025 4301 1074 4361 III,
1087 4301 1126 4363 16,
1142 4302 1163 4351 9.

409 4393 443 4457 (7)
454 4394 574 4456 Kriegel,
588 4398 696 4452 Corpus
712 4395 795 4451 ioris,
812 4389 861 4451 III,
877 4406 903 4454 p.
919 4391 973 4443 717.
