3450 5234
602 533 604 539 ¹
723 581 884 645 -m-

273 723 402 795 liarum
423 740 513 813 quas
526 723 707 814 principes
727 723 974 814 contingerent
992 718 1058 815 (l),
1079 719 1236 794 debitam
1256 741 1336 796 esse

276 855 426 921 constat.
758 856 761 868 '

323 975 400 1046 Non
438 991 584 1044 suorum
623 974 872 1046 tantummodo
910 973 1120 1046 libertorum
1157 973 1338 1065 principes

277 1098 425 1172 heredes
445 1088 560 1180 erant,
579 1097 642 1170 sed
662 1100 768 1170 etiam
788 1117 900 1190 quum
920 1099 1117 1172 hereditate
1136 1099 1189 1169 rel
1210 1097 1339 1171 confis-

278 1224 415 1296 catione
445 1224 586 1314 patroni
616 1222 801 1296 cuiusdam
832 1223 1035 1296 substantia
1063 1222 1109 1295 ad
1142 1222 1338 1314 principem

278 1348 515 1438 pervenisset,
534 1346 743 1419 libertorum
763 1354 936 1438 patronus
952 1353 987 1418 et
1004 1347 1081 1438 ipse
1101 1345 1210 1419 fiebat
1226 1357 1261 1418 et
1281 1365 1340 1437 pa·

279 1477 439 1544 tronatus
461 1472 540 1542 iura
559 1471 757 1544 exercebat.
784 1473 876 1553 Hoc,
898 1472 1062 1563 quamvis
1089 1471 1228 1563 legibus
1257 1490 1340 1570 eon·

280 1596 446 1682 trarium,
468 1596 658 1687 quoniam,
686 1596 724 1667 in
757 1597 852 1679 iure,
884 1603 1093 1688 patronatus
1127 1595 1226 1667 nulla
1258 1614 1341 1687 pars

280 1729 374 1794 esset
410 1721 617 1794 hereditatis
651 1721 697 1794 ad
729 1729 897 1795 externos
934 1721 1083 1795 heredes
1121 1724 1339 1806 translatae,

281 1863 386 1936 saepe
415 1852 535 1918 tamen
564 1846 726 1919 euenisse
758 1854 908 1919 constat.
939 1848 1061 1939 Neque
1089 1847 1192 1920 aliter
1219 1849 1342 1921 titulos

282 1969 363 2040 illos
389 1969 648 2061 explicaremus
671 1995 680 2042 ε
708 1998 723 2036 ‹
742 1968 787 2042 L.
812 1971 985 2064 Pompeio
1005 1974 1105 2064 Any.
1128 1970 1184 2043 tto.
1207 1972 1343 2042 Fortu-

281 2104 363 2163 noto
385 2090 449 2188 (2).
473 2135 517 2147 -
541 2093 584 2166 0.
612 2093 748 2168 Asinio.
779 2097 876 2189 Any.
904 2095 962 2170 lib.
989 2095 1230 2190 Peremytba'o
1255 2096 1342 2170 Fes-

283 2216 378 2288 tiaoo
400 2216 465 2313 (5).
487 2247 503 2285 ›
530 2223 581 2292 Er
602 2222 734 2312 quibus
763 2230 910 2314 apparet
930 2224 1109 2315 Augusto,
1132 2243 1211 2296 cum
1240 2223 1342 2296 subs-

283 2343 393 2415 tantia
412 2345 571 2436 Pompeii
588 2353 623 2418 et
637 2347 753 2419 Asinii
772 2348 880 2420 etiam
899 2349 978 2420 iura
997 2348 1035 2420 in
1054 2366 1176 2420 eorum
1196 2348 1343 2421 libertos

285 2469 435 2542 cessisse
456 2495 465 2542 ε
488 2471 586 2562 quod
604 2480 728 2564 postea
744 2475 850 2547 etiam
871 2475 947 2566 lege
967 2476 1141 2548 sancitum
1162 2483 1229 2547 est.

332 2594 507 2666 Pertinaci
541 2596 636 2669 enim
669 2597 847 2689 placuisse
876 2600 1027 2671 Severus
1058 2606 1230 2672 memorat
1250 2599 1344 2671 utin

286 2717 361 2790 iura
387 2726 618 2829 patronorum
647 2741 730 2814 erga
750 2722 898 2795 libertos
921 2722 1030 2796 fiscus
1050 2724 1288 2813 succederet(
1313 2720 1342 2816 ).

333 2843 517 2916 Praeterea
535 2847 667 2918 multos
684 2846 844 2931 libertos,
863 2847 996 2920 relictis
1011 2847 1165 2939 propriis
1185 2849 1345 2939 patronis

286 2965 330 3039 ad
360 2967 532 3060 principis
560 2977 786 3061 patronatum
814 2971 970 3044 transire
999 2973 1123 3044 solitos
1150 2990 1250 3055 esse,
1275 2990 1346 3064 quo

240 3097 243 3102 '
288 3091 414 3164 melius
435 3101 720 3185 protegerentur,
742 3096 883 3168 Tacitus
903 3095 1012 3169 tradit
1035 3094 1100 3190 (3).

336 3215 468 3288 Omnes
487 3224 605 3289 autem
626 3218 706 3290 illas
726 3217 962 3302 hereditates,
981 3239 1132 3310 quarum
1154 3221 1285 3294 multae
1305 3239 1348 3294 er

288 3338 443 3429 praediis
465 3348 668 3415 constarent
686 3339 751 3436 (6),
768 3341 984 3433 patrimonio
1005 3344 1156 3416 cessisse
1174 3363 1217 3416 er
1234 3345 1349 3417 titulis

320 3557 352 3620 (l)
368 3558 471 3608 Scribit
486 3559 636 3609 Suetonius
654 3561 749 3624 (Nero,
765 3561 802 3625 32)
815 3563 970 3612 instituisse
982 3562 1120 3611 Neronem
1130 3567 1161 3611 ut
1172 3577 1222 3625 pro
1235 3564 1350 3614 semisse

292 3647 405 3698 dextans
425 3650 450 3698 ei
473 3650 676 3713 relinqueretur
691 3665 705 3700 e
720 3651 883 3701 libertorum
902 3652 1095 3701 defunctorum
1121 3653 1201 3701 bonis
1226 3653 1351 3714 quisine

292 3739 425 3800 probabili
440 3753 524 3788 causa
537 3752 638 3789 nomon
653 3740 817 3789 familiarum
834 3755 903 3803 quas
918 3740 977 3803 ipse
992 3741 1173 3804 contingeret,
1188 3741 1351 3804 usurpavis-

292 3832 361 3876 sent.

323 3916 354 3981 (2)
373 3917 479 3981 an.,
495 3918 562 3971 1312.

323 4005 356 4069 (3)
374 4009 401 4059 G.
418 4011 441 4059 l.
457 4011 497 4070 1.,
514 4006 561 4070 Vl,
579 4006 663 4058 itast.

323 4094 356 4159 (l)
373 4093 403 4146 0.
422 4094 499 4158 lust,
517 4094 605 4159 V1,l,
624 4096 645 4149 l.

323 4183 356 4248 (5)
370 4183 467 4247 Tacit,
481 4187 562 4246 litat,
576 4185 611 4246 11,
627 4185 665 4238 32.

324 4271 356 4336 (d)
371 4277 436 4327 (3.1,
451 4278 491 4336 1,,
506 4273 552 4332 Vl,
567 4274 591 4337 2,
607 4273 668 4325 8432
684 4288 689 4324 :
708 4291 720 4323 n
733 4275 764 4325 P.
778 4275 873 4325 Aelius
887 4275 958 4340 Aug.
973 4277 1020 4327 lib.
1037 4275 1135 4327 Florus
1151 4278 1198 4340 qui
1212 4277 1354 4340 proclura-

296 4360 343 4424 vit)
356 4363 385 4410 in
399 4362 506 4411 ratione
521 4364 733 4428 herad(itatium)
749 4366 782 4414 ad
797 4367 872 4428 leges
886 4366 1093 4430 praedior(uml.
1109 4384 1121 4413 n

1180 4460 1197 4519 2
