3450 5234
865 569 1026 634 ..32-

382 711 568 797 eessori,
604 712 667 785 sed
704 711 872 793 familiae,
912 710 1032 802 generi
1072 707 1206 781 soiiioet
1237 705 1474 780 Domitiorum

417 839 644 911 Caluinorum
665 836 816 910 cessisse
835 835 1080 908 ooniioiamus.

466 966 508 1035 H.
537 961 862 1054 Epaphroditianos
881 961 927 1033 ab
947 957 1190 1052 Epaphrodito
1210 958 1345 1039 diotos,
1373 955 1480 1028 Naro·

370 1145 371 1150 .
417 1089 475 1160 nis
494 1088 635 1167 liberto,
657 1105 762 1178 quem
785 1087 961 1159 Domitius
981 1085 1170 1158 interiecit.

466 1215 508 1284 H.
539 1213 748 1291 Lamianos,
776 1211 924 1283 forsitan
946 1209 1087 1282 Tiberio
1114 1209 1159 1281 ab
1188 1226 1311 1282 eorum
1337 1224 1480 1299 posses·

418 1355 498 1409 sore
513 1336 620 1410 Luoio
640 1336 739 1408 Aelio
757 1335 879 1408 Lamia
899 1337 1144 1407 transmissos.

468 1463 510 1533 H.
540 1461 771 1539 Luoulianos,
805 1479 897 1551 quos
929 1460 1113 1532 interiecto
1149 1457 1289 1532 Valerio
1323 1455 1479 1539 Asiatico

388 1677 393 1686 ι
419 1587 609 1659 Messalina
628 1585 844 1678 patrimonio
863 1585 1065 1676 aequisivit.

440 1801 442 1806 Ι
469 1713 512 1782 Η.
541 1711 787 1784 Maeeenianos
807 1730 828 1782 a
847 1706 1049 1784 Maecenate
1074 1717 1109 1782 et
1128 1712 1172 1781 H.
1200 1709 1442 1782 Pallantianos
1460 1725 1482 1778 a

420 1837 580 1909 Pallante
593 1835 721 1909 dictos,

468 1963 511 2032 H.
542 1961 776 2053 Pompeianos
796 1978 840 2031 er
859 1959 1029 2051 Pompeio
1049 1959 1092 2032 ad
1119 1959 1314 2033 Antonium
1344 1959 1481 2052 Augus·
1506 2003 1509 2006 ·

418 2091 568 2176 tumque
582 2083 828 2157 transmissos.

468 2212 511 2281 H.
545 2210 783 2283 Sallustianos
820 2210 884 2301 qui
921 2209 1070 2291 Neroni,
1108 2210 1257 2283 forsitan
1296 2215 1481 2289 vacantes,

418 2335 635 2426 obtigerunt.

467 2462 511 2532 H.
540 2459 756 2533 Servilianos
806 2461 885 2533 sine
930 2460 1040 2533 dubio
1084 2479 1148 2552 per
1191 2460 1480 2533 confiscationem

419 2586 460 2671 Q.
485 2585 675 2676 Caepionis
701 2584 820 2668 Bruti,
846 2585 953 2658 unius
973 2604 993 2659 o
1014 2586 1176 2658 Caesaris
1196 2583 1483 2659 intertectoribus

419 2710 627 2802 acquisitos,

468 2838 511 2908 H.
540 2836 798 2928 Torquetiauos
819 2855 973 2929 quorum
993 2837 1089 2928 apud
1108 2838 1323 2912 Frontonem
1347 2835 1481 2910 mentio

419 2969 487 3036 est.

468 3087 510 3158 H.
539 3087 714 3160 Varianos
741 3090 894 3180 aserto
927 3089 1031 3160 Vario
1063 3089 1248 3174 Haroelio,
1279 3087 1483 3180 Elagabaiis

418 3220 519 3302 patre
538 3212 761 3287 nominatos.
1421 3213 1424 3218 ’

469 3339 512 3409 Η.
542 3337 745 3411 Licinianos
771 3358 862 3431 quos
895 3340 1088 3432 imperator
1113 3339 1323 3412 Valerianus
1343 3345 1483 3430 epatre

418 3462 584 3553 adoptivo
604 3464 731 3536 Publio
752 3465 888 3538 Lioiuio
908 3472 1103 3558 aoooperat.

469 3590 512 3660 H.
541 3589 779 3664 Antonianos.
817 3594 860 3663 H.
897 3591 1038 3664 Statilio
1071 3594 1185 3664 Tauro
1215 3590 1262 3662 ab
1291 3589 1487 3682 Agrippina

421 3720 577 3806 ereptos.
1353 3736 1361 3752 ·

470 3844 506 3913 5⁰
532 3843 605 3917 Hae
634 3841 740 3915 nobis
774 3850 880 3917 notae
911 3850 996 3917 sunt
1028 3844 1282 3935 imperatorum
1316 3842 1354 3913 in
1385 3841 1488 3914 Halia

421 3966 525 4039 vitiae
544 3967 598 4041 rel
614 3966 793 4057 praetoria
816 3965 882 4062 (t).

453 4251 486 4318 (1)
504 4252 638 4317 Pleraque
657 4252 704 4303 illa
722 4255 836 4319 praedia
855 4260 1087 4306 enumeraverunt
1112 4256 1166 4304 iam
1180 4255 1360 4307 Friedlauder
1377 4254 1490 4319 (Sittena'

422 4347 587 4408 peschiome,
601 4345 622 4408 Ι,
637 4344 696 4406 234;
713 4345 748 4404 11,
765 4344 803 4408 ot)
818 4351 844 4394 et
860 4345 1071 4408 Hirchsieidius,
1085 4346 1103 4397 1.
1120 4361 1153 4406 c.,
1169 4362 1196 4409 p.
1211 4348 1250 4410 at,
1265 4363 1327 4397 cum
1341 4347 1424 4396 notis.
