3450 5234
769 591 929 655 ..13-

321 730 366 804 ad
386 731 575 813 aerarium,
594 737 717 821 postea
731 749 826 814 vero,
845 732 997 803 allarco
1013 731 1169 812 Aurelio,
1187 729 1233 803 ad
1252 728 1378 802 liscum

321 855 498 947 pertinere
532 855 790 946 comperimus,
820 855 1094 928 administrante
1119 856 1275 946 primum
1303 874 1380 947 pro·

322 981 484 1061 consule,
525 979 655 1053 deinde
682 980 1211 1072 procuratorebereditatium
1234 981 1272 1052 in
1296 1000 1378 1072 prc-

321 1105 446 1177 vinciis
479 1105 736 1196 imperatoriis,
767 1103 853 1176 lisco
886 1104 1102 1186 adiudicari,
1139 1112 1285 1177 curante
1304 1106 1378 1196 pri-

324 1251 420 1303 mum
448 1233 562 1324 legato
591 1232 835 1322 imperatoris,
858 1231 988 1304 deinde
1018 1231 1125 1303 simul
1154 1239 1382 1323 procuratore

322 1354 529 1446 provinciali
549 1362 584 1428 et
600 1361 826 1447 procuratore
846 1355 1129 1444 hereditatium(
1155 1355 1183 1444 ).

371 1480 414 1551 11.
451 1481 548 1550 Bona
576 1478 846 1562 damnatorum,
874 1479 1118 1550 bonaeorum
1148 1481 1210 1570 qni
1237 1480 1307 1552 sibi
1336 1481 1381 1553 ob

323 1604 468 1696 aliquod
478 1603 676 1676 admissum
692 1603 866 1695 flagitium
881 1612 1029 1676 mortem
1042 1605 1299 1679 conscivissent
1314 1603 1380 1700 (2),

322 1729 417 1801 bona
436 1747 558 1800 eorum
579 1729 662 1819 qni,
685 1746 727 1799 ex
747 1728 908 1818 qualibet
927 1730 1084 1811 ratione,
1104 1730 1313 1821 pracsertim
1340 1749 1382 1802 cx

323 1853 542 1946 vectigalium
564 1853 737 1925 locatione
757 1853 936 1925 debitores
957 1853 1034 1925 fisci
1055 1864 1299 1939 remanerent,
1322 1855 1382 1928 de·

323 1986 416 2052 serta
434 1978 580 2071 praedia
598 1979 644 2050 ob
664 1979 898 2051 cessationem
919 1979 1148 2051 collationum
1172 1981 1226 2052 vel
1246 1981 1384 2072 reliqua

323 2104 536 2176 tributorum
561 2103 607 2198 (5)
630 2104 812 2186 distracta,
835 2105 956 2175 omnia
976 2105 1063 2176 baec
1080 2105 1187 2187 bona,
1211 2107 1383 2196 quemad-

296 2209 467 2302 modum
492 2231 585 2302 inter
608 2231 783 2302 aerarium
819 2229 1017 2320 fiscumque
1045 2231 1098 2302 vel
1127 2229 1232 2302 etiam
1266 2232 1378 2323 patri·

323 2353 482 2426 monium
515 2353 708 2445 principis,
736 2354 832 2444 quod
864 2354 1084 2434 videbimus,
1115 2354 1378 2435 dividerentur,

322 2498 447 2571 parum
468 2484 605 2549 constat
625 2502 633 2549 :
656 2497 697 2550 ea
716 2485 834 2550 tamen
855 2479 1066 2569 plerumque
1087 2479 1172 2551 tisco
1190 2480 1379 2561 attributa,

324 2601 387 2674 sed
414 2600 596 2674 divendita
623 2608 657 2672 et
684 2603 722 2672 in
749 2602 936 2693 pecuniam
968 2584 1109 2674 redacta
1135 2599 1182 2695 (1)
1212 2602 1378 2674 arbitror.

323 2726 505 2798 interdum
536 2725 641 2798 etiam
666 2726 761 2796 bona
789 2725 1018 2817 municipalia
1036 2727 1081 2797 ab
1106 2726 1381 2817 imperatoribus

324 2851 515 2923 confiscata
537 2859 643 2932 sunt;
666 2852 717 2922 sic
739 2870 780 2923 ea
803 2850 911 2922 Taciti
937 2851 1043 2921 verba
1070 2851 1113 2923 de
1133 2851 1244 2923 Galba
1268 2849 1315 2944 (b)
1337 2851 1384 2924 ad

323 2975 549 3068 praediorum
565 2977 801 3067 quorumdam
819 2974 1109 3047 confiscationem
1126 2977 1304 3066 pertinere
1321 2995 1384 3068 pu·

319 3081 469 3172 ¹laverim
493 3123 501 3170 :
530 3127 544 3163 α
566 3100 711 3172 Reditus
732 3099 1024 3192 Lugdunensium
1044 3099 1229 3172 occasione
1248 3101 1321 3172 irae
1345 3100 1383 3171 in

324 3225 449 3298 fiscum
472 3232 636 3298 verterat.
659 3251 675 3289 ›
703 3300 704 3304 .

356 3471 388 3535 (1)
403 3472 511 3521 Traian.
528 3473 560 3520 ad
578 3472 659 3533 Plin.,
676 3472 727 3521 cl:
752 3489 764 3519 o
789 3473 972 3522 Nicaeensibus
994 3473 1040 3534 qni
1066 3473 1260 3521 intestatorum
1282 3472 1383 3522 civium

325 3574 437 3609 suorum
462 3573 620 3609 concessam
643 3560 857 3610 vindicationem
883 3563 1017 3609 bonorum
1037 3576 1052 3608 a
1072 3562 1136 3610 divo
1156 3562 1282 3624 Augusto
1300 3562 1383 3610 adfir-

326 3657 412 3709 mant,
437 3651 549 3698 debebis
573 3663 700 3700 vacaro...
726 3651 857 3698 adhibitis
875 3650 972 3697 Virdio
998 3650 1149 3698 Gemellino
1173 3656 1200 3698 ct
1218 3651 1382 3712 Epimacho,

325 3739 422 3787 liberto
438 3752 512 3800 meo,
526 3738 761 3802 procuratoribus.
782 3755 793 3784 r

356 3826 388 3890 (1)
405 3827 491 3890 Paul,
507 3831 593 3890 serat„
606 3827 640 3886 V,
658 3827 695 3887 12,
713 3827 733 3880 1,
749 3828 821 3890 Dig,
838 3827 935 3888 XLIX,
949 3827 986 3890 11,
1001 3828 1031 3876 la
1045 3830 1056 3889 ξ
1071 3829 1093 3876 a.

357 3916 388 3978 13]
403 3920 484 3976 Frap.
501 3919 602 3978 Vatia,
617 3915 628 3978 ἢ
642 3915 690 3964 aa:
709 3931 720 3962 n
737 3915 767 3965 si
783 3915 892 3966 deserta
905 3915 1032 3979 praedia,
1047 3918 1083 3965 ob
1098 3916 1280 3966 cessationem
1298 3918 1382 3966 colla-

327 4005 431 4053 tionum
450 4006 493 4054 val
512 4005 618 4066 reliqua
637 4005 802 4054 tributorum
823 4019 857 4054 ex
877 4005 1013 4068 permissu
1031 4004 1167 4067 praesidis
1189 4005 1350 4055 distracta...
1369 4023 1381 4053 r

328 4093 424 4156 (Textn
439 4096 471 4143 ab
487 4093 627 4143 Huscblrio
642 4095 771 4143 restituto
784 4093 867 4157 utor.)

358 4183 389 4246 (1)
404 4183 490 4243 Paul,
506 4189 593 4243 sent,
610 4184 643 4244 V,
661 4184 697 4246 ln,
716 4185 736 4234 1.
753 4183 823 4245 Gai,
836 4189 916 4244 inst,
931 4183 977 4246 IV,
993 4183 1044 4235 116.
1058 4188 1140 4246 Frap.
1158 4188 1256 4248 Vatia,
1272 4184 1380 4246 1210.

329 4271 403 4332 lust„
419 4272 452 4332 X,
469 4272 491 4332 3,
507 4273 528 4325 l.
542 4273 614 4336 Dig„
627 4272 751 4333 XXXIX,
766 4274 788 4336 1,
806 4273 892 4335 9383
908 4272 1003 4332 XLIX,
1020 4272 1139 4336 ll,5pr.

359 4362 391 4426 (5)
406 4363 501 4424 Tacit,
517 4366 598 4426 Hist,
614 4363 635 4423 I,
651 4364 690 4416 65.
