3450 5234
832 638 992 699 ..84-

382 774 495 846 tiones
523 774 696 846 babemus
724 793 815 865 quae
843 775 951 846 buius
979 776 1119 867 generis
1149 782 1351 847 contractus
1379 775 1442 849 fir·

381 907 477 969 nient
500 900 628 984 :Quod
649 901 711 989 qni
732 896 930 992 negantii)
952 919 994 972 er
1014 901 1269 973 constitutione
1290 901 1444 991 quadam

377 1024 530 1095 Zenonis
551 1025 596 1115 (1)
613 1042 685 1093 non
706 1023 1034 1096 animadverterunt
1051 1024 1087 1095 in
1107 1024 1210 1096 titulo
1229 1024 1292 1097 iilo
1312 1025 1443 1098 codicis

378 1150 568 1220 iustiniani
598 1168 669 1221 non
698 1150 754 1241 agi
786 1150 831 1221 de
855 1150 1080 1242 emphyteusi
1103 1151 1349 1242 imperatoria,
1379 1149 1443 1223 sed

378 1276 495 1346 solum
524 1275 681 1365 privata,
705 1275 919 1365 nullumque
947 1293 1025 1347 esse
1052 1276 1198 1349 verbum
1227 1278 1265 1347 in
1289 1277 1443 1348 Zenonis

378 1399 455 1490 lege
475 1399 573 1489 qnod
591 1399 637 1470 ad
657 1398 787 1471 iundos
807 1398 1057 1489 imperatorios
1075 1400 1264 1491 pertineat.

427 1525 537 1596 diunt
559 1532 678 1596 tamen
702 1525 1060 1615 emphyteuticarium
1086 1526 1148 1617 qui
1171 1524 1355 1617 praedium
1379 1527 1442 1598 alii

378 1649 595 1732 vendiderit,
614 1669 676 1741 pro
694 1668 736 1721 eo
756 1650 862 1722 etiam
884 1649 1080 1722 obnoxium
1101 1651 1248 1723 canonis
1270 1650 1441 1722 solutioni

379 1782 562 1847 remanere
586 1772 634 1868 (5)
661 1799 669 1844 :
692 1775 789 1865 quod
816 1793 937 1847 verum
963 1774 1074 1848 iatenr
1096 1793 1213 1867 neque
1236 1794 1336 1847 meae
1359 1774 1438 1866 opi·

378 1900 480 1970 nioni
499 1900 716 1972 eontrarium
733 1918 812 1971 esse
830 1906 982 1972 constat.
1107 1906 1111 1913 ‘

328 2000 332 2007 ¹
426 2027 551 2097 Nonne
570 2026 666 2097 enim
691 2025 843 2097 curiates
867 2026 958 2115 ipsi,
978 2027 1050 2097 veri
1075 2032 1192 2097 tamen
1214 2042 1440 2116 possessores

378 2158 413 2224 et
431 2151 587 2233 domini,
606 2168 669 2241 pro
688 2150 833 2223 vendita
852 2158 963 2232 terra,
981 2150 1098 2222 adhuc
1116 2150 1250 2223 tributo
1270 2149 1440 2239 solvendo

378 2276 525 2348 obnoxii
546 2277 607 2348 din
628 2274 928 2366 permanserunt?

425 2403 547 2491 Neque
572 2401 685 2492 magis
708 2401 886 2473 assentior
904 2419 1026 2473 eorum
1048 2401 1211 2494 opinioni
1231 2401 1293 2492 qui
1313 2406 1441 2492 putant

376 2528 415 2600 in
440 2526 706 2600 venditionibus
728 2527 774 2597 ab
798 2526 1115 2619 emphyteuticario
1140 2527 1240 2598 iactis
1268 2504 1353 2598 fisco
1381 2545 1437 2599 re·

377 2654 510 2757 servari
524 2661 659 2745 partem
673 2652 1008 2744 quinquagesimam
1023 2652 1129 2743 pretii
1142 2658 1176 2724 et
1187 2652 1244 2723 ius
1258 2651 1438 2742 quoddam

376 2989 443 3037 niati
458 3001 618 3051 possessore
633 2986 733 3049 privati
748 2986 816 3034 iuris
832 2986 973 3049 quippiam
988 2985 1236 3049 comparaverit...;
1254 3002 1266 3033 u
1283 2986 1329 3043 XI,
1346 2984 1384 3045 62,
1402 2984 1412 3033 1
1431 2996 1438 3033 :

378 3095 390 3126 1
407 3080 437 3129 Si
453 3080 515 3142 quis
530 3078 631 3127 fundos
643 3077 843 3140 emphyteutici
856 3077 926 3125 iuris
942 3078 1018 3127 selva
1032 3078 1092 3140 lege
1106 3077 1247 3127 fiscicitra
1260 3076 1439 3125 1161111111-

376 3170 514 3219 toritatem
529 3168 683 3226 donaverit,
695 3167 859 3216 donationes
876 3166 970 3215 firmae
986 3167 1080 3224 sint...;
1092 3182 1104 3213 n
1116 3166 1147 3216 L.
1161 3166 1189 3215 tv
1203 3166 1313 3214 :ulliud
1327 3177 1439 3227 quoque

376 3261 433 3318 ius,
450 3260 478 3307 in
493 3259 594 3321 quibus
609 3257 696 3306 coluit
709 3236 842 3319 praediis,
858 3256 933 3319 quod
948 3262 995 3305 aut
1010 3270 1044 3305 cx
1060 3256 1236 3304 successione
1251 3258 1299 3303 aut
1314 3267 1348 3302 ex
1362 3267 1439 3303 com-

375 3350 517 3413 paratione
541 3348 649 3410 privata
673 3350 719 3394 aut
746 3346 835 3395 nostri
861 3344 983 3393 numinis
1007 3345 1171 3393 iiberalitate
1194 3347 1242 3393 aut
1264 3354 1439 3405 quocumque
1468 3390 1470 3395 ,

375 3439 457 3488 modo
473 3436 606 3500 possedit,
622 3436 692 3483 sciat
706 3435 852 3484 inlibatum
867 3434 1116 3496 intemeratumque
1132 3432 1250 3491 servari;
1268 3447 1280 3477 n
1296 3430 1343 3490 XI,
1358 3430 1398 3492 71,
1413 3431 1438 3491 5,

375 3527 387 3589 ᾗ
403 3526 417 3575 1
433 3540 439 3575 :
455 3526 543 3574 «Iure
557 3525 643 3587 igitur
659 3528 794 3587 perpetuo
809 3512 914 3586 publici
928 3526 1085 3572 contractus
1101 3522 1229 3571 firmitate
1245 3518 1439 3584 perpetuarius

374 3628 489 3664 securus
509 3614 545 3662 sit
565 3617 591 3661 et
610 3614 751 3675 intellegat
765 3625 856 3675 neque
872 3627 888 3661 a
902 3626 932 3661 se
947 3624 1037 3674 neque
1052 3626 1067 3659 a
1081 3590 1200 3674 posteris
1215 3609 1273 3659 suis
1287 3608 1331 3659 vel
1345 3608 1387 3657 his
1403 3606 1438 3656 ad

375 3718 444 3767 quos
460 3718 492 3753 ea
503 3718 548 3752 res
563 3703 606 3752 vel
621 3702 798 3751 successione
813 3702 858 3751 vel
874 3702 1024 3750 donatione
1039 3700 1098 3750 sive
1112 3699 1274 3750 venditione
1288 3697 1332 3748 vel
1346 3696 1438 3760 quoli-

374 3796 420 3844 bet
435 3794 530 3843 titulae
544 3793 699 3856 pervenit...
714 3805 775 3841 esse
786 3792 992 3850 retrahendam
1007 3790 1054 3850 XI,
1071 3790 1109 3851 59,
1121 3789 1144 3839 ’1.
1164 3788 1235 3837 Vide
1248 3786 1438 3838 venditionem

373 3884 454 3942 istius
469 3882 578 3945 generis
591 3882 621 3929 in
638 3880 665 3931 S.
682 3880 840 3943 Augustino
856 3896 869 3927 n
883 3880 992 3943 (Migne,
1008 3884 1037 3931 P.
1048 3883 1087 3937 1.,
1101 3881 1149 3938 Op.
1161 3882 1244 3938 11119,
1259 3875 1307 3935 IX,
1319 3890 1346 3939 p.
1361 3874 1415 3937 316)
1429 3889 1435 3924 :

374 3988 387 4018 u
403 3953 502 4022 Nonne
517 3971 662 4033 Crispinus
678 3974 771 4019 vester
788 3968 968 4027 calamensis,
982 3982 1045 4017 cum
1060 3968 1173 4016 emisset
1187 3966 1392 4029 possessionem
1408 3968 1437 4013 et

373 4064 425 4112 hoc
446 4060 707 4125 emphyteuticam„
728 4075 741 4105 n
763 4084 795 4094 -
812 4057 855 4107 Ad
878 4058 1034 4121 Hipponem
1053 4056 1136 4105 situm
1152 4058 1210 4104 eret
1225 4055 1277 4103 hoc
1291 4051 1436 4116 praedium

373 4151 409 4216 (p.
425 4151 490 4215 387).

403 4240 437 4304 (1)
455 4240 619 4301 Garsonnet‚
634 4240 652 4289 l.
669 4252 703 4301 c,
719 4254 745 4301 p.
764 4238 816 4289 155.

404 4332 437 4395 (1)
455 4329 485 4383 G.
498 4331 577 4391 lust,
591 4330 639 4389 IV,
653 4329 691 4392 66,
706 4329 727 4378 1.

403 4421 437 4485 (3)
452 4421 483 4472 0.
500 4421 578 4480 lust,
595 4419 642 4482 XI,
658 4420 697 4480 66,
714 4419 743 4478 3;
758 4417 804 4478 XI,
820 4417 859 4476 61,
877 4417 898 4466 1.
