3450 5234
840 568 1020 632 -116-

771 838 884 900 PARS
906 838 1089 933 ALTERA.

598 1044 637 1086 DE
658 1041 749 1087 aenis
770 1041 900 1087 NOSTRIS
919 1041 994 1086 POST
1017 1042 1258 1087 DIOCLETIANUU.

565 1338 570 1345 Ι
785 1263 906 1314 CAPUT
925 1263 1077 1316 PRIMUM.

399 1356 440 1405 De
455 1356 535 1404 novis
548 1354 725 1417 praediorum
737 1354 915 1403 incrementis
921 1386 1397 1406 ................
1433 1356 1462 1405 69

754 1468 877 1520 CAPUT
895 1469 1105 1521 SECUNDUM.

399 1562 440 1611 De
454 1562 548 1611 fundis
565 1562 605 1611 rei
617 1562 750 1624 privatae,
763 1562 903 1610 fiscalibus
919 1561 1212 1624 patrimonialibusque
1218 1592 1396 1611 .......
1432 1559 1462 1609 74

778 1676 900 1728 CAPUT
917 1676 1088 1727 TERTIUM.

399 1768 440 1817 De
454 1769 515 1817 iure
530 1768 706 1831 perpetuario
721 1768 765 1816 vel
780 1767 1000 1829 emphyteutico.
1018 1801 1025 1813 .
1051 1778 1059 1810 ·‘
1081 1799 1396 1817 ...........
1432 1766 1462 1815 79

767 1883 888 1933 CAPUT
907 1872 1094 1941 QUARTUM.

399 1976 440 2024 De
455 1975 539 2024 variis
553 1974 677 2022 culturae
694 1973 842 2035 generibus
858 1976 885 2021 et
900 1972 1075 2034 emphyteusi
1081 2005 1397 2022 ...........
1433 1972 1463 2021 83

772 2088 894 2139 CAPUT
912 2087 1089 2148 QUINTUM.

400 2180 441 2229 De
457 2179 633 2242 praediorum
648 2176 886 2227 administratione
892 2210 1398 2227 .................
1434 2177 1463 2226 95

784 2293 905 2344 CAPUT
924 2293 1078 2343 SEXTUM.

401 2385 441 2434 De
456 2386 577 2448 praediis
589 2386 672 2447 regiis
687 2385 760 2448 apud
771 2383 970 2434 Cassiodorum
982 2388 1009 2432 et
1021 2383 1216 2432 ecclesiasticis
1228 2384 1301 2446 apud
1314 2383 1383 2433 Gre-

437 2475 545 2537 gorium
560 2474 689 2537 Magnum
695 2507 1383 2523 .......................
1421 2473 1465 2523 102

770 2590 957 2639 APPENDIX
974 2590 1097 2640 PRIMA.

403 2681 444 2730 De
459 2681 644 2730 conductione
660 2685 794 2743 perpetua
809 2681 837 2728 in
856 2681 983 2730 formulis
999 2680 1163 2742 quibusdam
1178 2680 1387 2730 Turonensibus

435 2769 736 2831 Andecavensibusque
749 2804 1383 2821 .....................
1422 2769 1465 2818 107

743 2886 930 2936 APPENDIX
949 2886 1129 2937 SECUNDA.
1421 2956 1423 2959 ι

405 2978 445 3026 De
460 2978 520 3025 iure
534 2978 608 3040 quod
624 2976 725 3025 dicitur
739 2993 883 3042 παροικικον
898 2978 927 3025 in
943 2977 1057 3027 Novella
1071 2977 1135 3026 VII³
1148 2976 1321 3027 Iustiniani..
1346 3011 1352 3024 .
1379 3010 1385 3021 .
1423 2976 1466 3025 113

1014 3174 1080 3229 er
1098 3192 1131 3228 rc
1148 3190 1273 3229 ruriam.

795 3299 924 3355 Lutetiae
948 3299 1138 3364 Parisiorum,
1165 3298 1192 3351 in
1219 3297 1365 3366 Carbone,
1385 3315 1410 3351 a.
1437 3297 1465 3351 d.

829 3415 869 3452 vu
891 3398 945 3451 kat.
969 3396 1035 3467 a'ug.
1060 3398 1126 3451 anni
1151 3394 1465 3451 MDCCCLXXXVH.

829 3470 988 3552 Facultatis
1004 3496 1175 3552 Litterarum
1190 3496 1219 3549 in
1236 3494 1393 3549 Academia
1410 3492 1466 3547 Pa-

829 3595 946 3651 risiensi
961 3594 1104 3657 decanus,

1070 3705 1107 3761 A.
1127 3703 1263 3760 HIMLY.

509 3807 595 3864 Trms
613 3824 762 3865 ueremur
784 3830 790 3860 ι

405 3935 578 3991 Academiae
594 3932 767 3989 Parisiensis
783 3932 906 4001 Rector,

565 4030 740 4101 ereren.

434 4388 542 4425 romae.
561 4401 590 4411 -
607 4387 640 4421 ux
655 4386 721 4422 arms
737 4386 761 4422 Α.
780 4385 887 4423 cuauvru
904 4385 932 4420 ar
948 4384 1013 4431 rius,
1031 4384 1072 4421 vu
1088 4383 1158 4419 mura
1175 4381 1383 4429 nasammonas,
1402 4372 1441 4417 28.
