3450 5234
818 610 978 671 ..93-

415 750 560 821 Diversa
584 749 811 819 rationalium
836 748 1079 838 comitumque
1105 749 1228 819 munia
1257 748 1294 817 in
1319 747 1433 819 admi·

366 874 563 945 nistraudis
603 874 763 965 praediis
800 874 898 946 haud
935 874 1036 945 iaoile
1074 873 1271 945 discernas.
1308 872 1431 945 Canon

365 1000 460 1071 enim
489 1018 585 1070 nune
609 1019 629 1070 a
655 999 819 1089 praeside
843 1000 911 1070 suh
936 998 1190 1084 Constantino,
1212 1016 1310 1069 nuno
1332 1017 1353 1067 a
1377 1017 1433 1068 ra·

365 1123 491 1194 tionati
511 1122 561 1194 rei
581 1123 738 1213 privatae
758 1123 911 1213 exigitur
930 1130 1011 1213 post
1032 1140 1195 1211 magnam
1214 1120 1257 1193 de
1274 1121 1431 1213 praediis

365 1246 550 1318 fiscalibus
566 1247 811 1318 Valentiniani
827 1247 954 1336 legem,
973 1248 1075 1318 ouius
1092 1246 1239 1337 vestigia
1255 1247 1292 1316 in
1314 1245 1434 1317 oodioe

365 1372 613 1443 Theodosiano
634 1371 769 1462 passim
790 1371 1018 1462 reperiuntur
1038 1366 1085 1463 (1)
1109 1388 1256 1460 :neque
1275 1371 1342 1442 hoo
1360 1377 1431 1441 sta-

365 1497 455 1578 bile,
476 1498 646 1588 quoniam
668 1515 783 1586 usque
803 1496 849 1567 ad
867 1495 1126 1579 iustinianum,
1149 1514 1247 1567 nuno
1274 1495 1430 1587 praesidi

366 1642 463 1694 nuno
488 1622 653 1693 rationali
679 1641 763 1693 eura
788 1623 876 1693 haee
900 1621 1131 1694 committitur
1152 1618 1199 1715 (3)
1223 1628 1258 1693 et
1281 1620 1430 1712 palatini

366 1766 510 1838 quoque
543 1748 620 1828 hio,
658 1755 696 1818 ut
728 1747 768 1817 in
799 1746 881 1818 aiiis
913 1746 1236 1818 administrationis
1269 1745 1431 1837 partibus

367 1892 510 1966 operam
543 1891 644 1944 suam
679 1879 863 1963 praestant
891 1868 955 1964 (5).
983 1870 1345 1944 Animadvertendum
1377 1877 1432 1941 est

367 2006 510 2080 tamen,
547 1996 907 2088 apud.praesidem‚
946 2016 1055 2087 quum
1095 2015 1266 2068 oanonem
1299 1996 1428 2085 erigit,

367 2123 457 2194 duas
477 2141 556 2194 esse
575 2142 694 2205 areae,
716 2123 862 2193 aiteram
885 2121 1169 2213 largitionaiibus
1193 2120 1324 2201 titulis,
1347 2119 1432 2191 alte·

367 2266 442 2317 ram
474 2247 602 2318 canoni
635 2246 863 2337 praediorum
898 2252 1111 2317 reservatam
1136 2252 1170 2317 et
1197 2251 1384 2334 utramque
1411 2262 1432 2313 a

367 2372 557 2444 comitibus
582 2372 633 2442 rei
657 2371 815 2461 privatae
836 2389 1090 2460 sacrarumque
1109 2369 1338 2461 largitionum
1357 2368 1431 2439 ins-

367 2496 437 2589 pioi
467 2494 532 2590 (1).
563 2496 696 2567 Eodem
731 2495 837 2567 modo
871 2496 1083 2587 plerumque
1110 2494 1256 2585 praedia
1281 2492 1432 2565 looanda

368 2629 467 2694 ourat
490 2639 608 2693 eomes
632 2621 682 2692 rei
704 2620 879 2710 privatae,
900 2636 1120 2709 quamquam
1146 2616 1326 2689 interdum
1348 2616 1433 2688 huie

367 2748 418 2821 rei
437 2747 619 2820 adhibitos
639 2754 673 2819 et
689 2745 885 2838 praeieotos
903 2743 1082 2836 praetorio
1100 2751 1135 2816 et
1152 2743 1247 2823 urbi,
1267 2743 1431 2815 vicarios-

368 2891 439 2963 que
458 2873 621 2945 videmus
640 2871 651 2966 (
677 2869 705 2965 ).
1523 2962 1529 2969 ι

417 2999 519 3086 Quod
538 3005 656 3070 autem
680 2997 726 3069 ad
744 2996 1032 3069 iurisdietionem
1052 2995 1197 3078 attinet,
1219 3012 1331 3085 aeque
1351 2993 1432 3066 obs-

368 3143 491 3196 curum
518 3131 553 3195 et
578 3123 671 3194 male
696 3120 932 3214 compositum
957 3118 1109 3191 videtur.
1137 3119 1249 3210 Saepe
1273 3125 1429 3201 aetoreS,

368 3247 601 3320 conductores
624 3246 801 3337 ceterique
820 3244 986 3315 homines
1006 3242 1056 3314 rei
1076 3242 1249 3332 privatae,
1268 3242 1431 3332 quamvis

364 3350 438 3445 ¹sibi
462 3372 551 3443 iuris
577 3371 760 3463 privilegia
784 3368 984 3451 vindicent,
1007 3367 1052 3438 ad
1072 3366 1207 3439 iudices
1230 3366 1431 3439 ordinarios

398 3658 430 3724 (1)
445 3659 523 3708 Hane
538 3660 627 3722 legem
644 3659 775 3708 invocant
790 3670 873 3721 saepe
888 3656 1057 3720 posteriores
1070 3656 1261 3718 imperatores,
1277 3652 1308 3703 C.
1324 3653 1383 3711 Th„
1397 3653 1430 3715 X,

368 3748 390 3808 3,
407 3749 434 3806 3;
449 3748 481 3810 X,
499 3749 522 3807 5,
539 3747 564 3808 1;
581 3748 633 3807 XI,
651 3746 692 3807 19,
708 3746 730 3797 1.
746 3746 818 3795 Vide
833 3745 997 3795 Gothosredi
1014 3750 1094 3794 notas
1110 3744 1154 3795 ad.
1174 3742 1204 3793 G.
1220 3742 1283 3803 Tin,
1300 3742 1333 3803 X,
1350 3742 1392 3804 51,
1409 3741 1431 3793 1.

398 3836 431 3899 (2)
446 3836 475 3887 C.
493 3837 553 3900 Th,
569 3836 603 3896 V,
623 3836 659 3893 13,
677 3835 721 3895 31,
737 3836 762 3898 1,
781 3835 826 3894 11,
844 3834 870 3895 1;
887 3834 907 3895 Ι,
926 3834 963 3895 13,
981 3834 1010 3895 1,
1027 3818 1082 3895 XI,
1101 3833 1128 3893 7,
1147 3833 1192 3892 17;
1208 3832 1286 3893 XIII,
1307 3830 1344 3892 11,
1360 3831 1383 3881 6.
1400 3829 1432 3881 C.

367 3925 445 3986 lust,
461 3926 483 3986 I,
499 3927 538 3988 33,
557 3926 566 3975 1
576 3939 582 3986 ;
599 3926 646 3985 XI,
656 3924 702 3985 61,
719 3926 746 3985 5;
763 3924 810 3985 XI,
825 3924 865 3985 73,
883 3924 903 3973 1.

398 4014 431 4078 (3)
447 4014 478 4065 G.
494 4016 555 4075 Th,
573 4015 594 4077 I,
611 4017 634 4078 5,
652 4015 688 4067 13.

398 4104 432 4168 (1)
447 4104 478 4157 C.
494 4105 554 4165 Tu,
568 4105 643 4162 VIII,
661 4104 683 4164 1,
701 4104 737 4153 17.
756 4103 786 4154 (I.
802 4104 881 4163 Iust.,
898 4103 947 4165 111,
963 4103 1001 4165 76,
1018 4105 1046 4163 7;
1064 4103 1115 4164 XI,
1131 4103 1174 4165 67,
1190 4104 1204 4154 3
1220 4107 1247 4153 et
1263 4102 1303 4163 tt;
1321 4100 1367 4161 XI,
1384 4100 1431 4160 63,

369 4194 400 4254 7;
415 4194 462 4255 XI,
478 4194 518 4254 71,
534 4194 557 4245 1.

400 4283 432 4347 (5)
447 4282 478 4335 Ο.
493 4284 571 4343 lust,
585 4282 633 4342 XI,
647 4284 685 4342 59,
697 4285 712 4333 7
723 4288 750 4333 et
766 4284 780 4333 9
794 4286 822 4331 et
838 4282 878 4341 17;
895 4282 942 4341 XI,
958 4283 997 4345 71,
1015 4282 1036 4345 1,
1051 4283 1073 4345 3,
1090 4284 1116 4341 5;
1132 4281 1178 4345 XI,
1196 4281 1234 4342 62,
1250 4282 1274 4341 5,
1290 4280 1320 4339 7;
1333 4279 1379 4341 XI,
1390 4277 1431 4339 71,

388 4384 395 4434 3
412 4373 445 4434 V,
459 4374 499 4434 tt,
517 4373 554 4423 13.
1264 4388 1269 4395 ·
