3450 5234
747 595 906 659 ..43-

300 753 400 814 num,
421 733 817 822 controversiarumque
834 731 989 804 iudicem
1010 751 1090 804 esse
1109 732 1273 804 videmus
1295 727 1360 825 (1).

349 859 459 930 Suum
488 864 605 929 autem
635 857 855 948 possessioni
890 858 1019 949 cuique
1053 875 1132 930 esse
1160 863 1364 948 procurato·

301 1001 387 1061 rem,
404 983 625 1073 procuratori
643 984 846 1074 provinciae
862 982 1064 1055 subiectum
1096 1001 1139 1054 ex
1159 982 1259 1053 Pauli
1276 982 1365 1072 trag-

301 1113 419 1179 meuto
440 1104 495 1202 (t)
515 1114 549 1181 et
567 1107 683 1180 titulis
703 1108 748 1180 ad
770 1105 958 1178 Gallicano
976 1106 1164 1199 vastipcde
1184 1106 1364 1198 pertinen-

302 1233 399 1305 tibus
419 1231 645 1305 crediderim.

350 1359 400 1428 Ex
421 1357 590 1429 omuibus
609 1365 727 1430 autem
752 1366 1018 1449 procuratorum
1040 1358 1239 1438 ministris,
1260 1355 1363 1426 odia·

305 1479 435 1550 torr‘das
461 1504 484 1552 a
518 1481 728 1565 volonibus,
754 1485 947 1574 proximis,
977 1484 1164 1555 tabulariis
1185 1473 1367 1553 'adiutori-

302 1609 444 1700 busque
471 1608 750 1691 tabulariorum,
773 1610 1001 1700 optionibus,
1021 1609 1175 1699 aliisque
1204 1606 1364 1680 elusdem

304 1718 442 1825 penoris
453 1732 677 1815 homiuibus,
691 1733 831 1805 nullum
845 1734 1050 1806 invenimus
1064 1734 1126 1824 qui
1142 1730 1367 1823 peculiariter

303 1859 458 1950 praediis
479 1858 664 1931 fiscalibus
685 1858 931 1932 adhiberetur.
1350 1956 1353 1961 Ι

353 1983 412 2053 lll.
443 1982 625 2074 ampliora
649 1983 754 2055 uobis
778 1984 822 2055 de
841 1983 1057 2074 patrimonio
1078 1988 1274 2074 suppetunt
1301 1982 1365 2052 do·

305 2113 482 2180 cumenta.
505 2107 609 2178 initio
630 2107 870 2199 principatus,
892 2108 1036 2198 penitus
1062 2109 1235 2199 privatam
1257 2107 1368 2178 luisse

304 2232 508 2323 patrimonii
526 2231 888 2313 administrationem,
907 2233 1009 2323 quasi
1030 2232 1187 2323 privatae
1203 2231 1368 2302 lortunae

305 2364 339 2428 et
358 2356 476 2428 adbuc
495 2357 562 2428 sub
577 2333 718 2428 Tiberio
739 2364 878 2428 tantum
899 2357 1046 2447 libertos
1066 2357 1104 2427 in
1122 2357 1237 2428 titulis
1254 2374 1371 2428 occur·

306 2497 382 2552 rere
402 2487 540 2552 constat
560 2477 622 2574 (5).

357 2605 495 2676 Claudii
524 2605 673 2676 libertus
694 2612 747 2676 est
775 2605 912 2696 primus
939 2625 1044 2697 quem
1067 2607 1231 2678 novimus
1250 2625 1372 2698 procu·

308 2738 459 2801 retorem
485 2727 636 2820 Augusti
670 2748 690 2799 a
713 2730 929 2820 patrimonio
951 2727 1021 2823 (l);
1045 2749 1087 2802 ea
1114 2738 1232 2803 tamen
1258 2738 1373 2803 aetate

307 2855 471 2945 propriae
498 2855 714 2945 patrimonio
741 2855 915 2927 stationes
943 2862 978 2928 et
1003 2857 1147 2947 propria
1177 2858 1279 2947 quasi
1303 2857 1373 2928 vita

308 2978 525 3059 conceditur,
549 2979 711 3067 quamvis
736 2979 872 3051 dlutius
892 2979 1011 3051 adbuc
1029 2988 1275 3071 procuratores
1295 2980 1373 3052 eius

308 3102 518 3174 ininleriori
533 3103 646 3194 gradu
659 3103 799 3176 iaceant
816 3103 863 3199 (5)
881 3111 915 3176 et
927 3105 1046 3176 adbuc
1060 3113 1140 3196 post
1153 3094 1373 3177 Hadrianum

340 3294 372 3357 (ί)
387 3294 459 3357 DIg.‚
476 3295 574 3354 XLIII,
591 3296 613 3357 8,
630 3295 653 3353 ἱ),
671 3297 683 3358 ἔ
697 3295 711 3344 4
726 3310 731 3344 ;
750 3312 762 3342 o
780 3295 809 3345 Si
823 3296 895 3344 torte
909 3297 943 3345 de
957 3297 1000 3344 his
1020 3298 1057 3346 sit
1071 3299 1276 3357 controversia,
1293 3312 1374 3360 prae-

308 3383 373 3432 fecti
388 3397 483 3431 eorum
498 3383 604 3432 iudices
621 3385 685 3435 sint.
698 3401 710 3431 u
727 3384 789 3433 Non
806 3384 921 3432 dubium
931 3386 1086 3448 estquinhi
1102 3387 1233 3448 praelecti
1242 3401 1374 3449 procura-

311 3477 386 3521 tores
403 3473 466 3521 siut.

342 3561 374 3625 (2)
389 3562 460 3629 big„
476 3561 572 3621 XLIX,
592 3562 627 3622 tl,
644 3562 682 3620 lv,
704 3562 713 3610 l
732 3576 737 3610 :
754 3579 766 3608 u
782 3562 957 3612 Ptolemaeus
971 3565 1143 3614 conduxerat
1157 3581 1172 3613 a
1187 3567 1253 3614 fisco
1268 3579 1374 3628 posses·

309 3653 417 3700 sionem
432 3665 546 3714 eamque
562 3652 694 3714 paulatim
710 3653 836 3714 pluribus
852 3654 993 3702 locaverat
1008 3656 1111 3703 maiore
1126 3656 1278 3718 quantitate
1294 3670 1375 3717 quam

309 3740 370 3802 Ipse
383 3745 543 3803 susceperat
563 3755 568 3788 :
588 3741 805 3790 conveniebatur
821 3757 836 3788 a
851 3746 1087 3801 procuratoribus
1100 3743 1235 3794 Caesaris.
1253 3762 1265 3791 o

342 3828 375 3891 (3)
390 3829 498 3890 Murat,
516 3829 569 3891 900,
583 3830 597 3878 3
614 3843 619 3878 :
636 3829 761 3879 «Felicis
778 3830 818 3880 Ti.
836 3829 963 3880 Caesaris
978 3833 1012 3881 ad
1025 3834 1218 3895 possessionis.
1233 3849 1245 3880 r>
1261 3838 1288 3884 G.
1301 3839 1321 3881 l.
1335 3839 1375 3896 L„

310 3918 359 3979 VI,
372 3917 394 3978 t,
414 3919 474 3968 3962
489 3932 495 3967 :
513 3934 525 3964 u
541 3921 674 3968 Bromius
687 3924 781 3968 eustos
797 3919 937 3984 ration(is)
950 3924 1130 3980 patrimonii.
1151 3922 1232 3971 Hunc
1254 3923 1373 3983 titulum,

310 4007 341 4055 in
361 4007 530 4056 columbarIo
551 4008 714 4056 libertorum
736 4009 831 4059 Liviae
853 4015 993 4072 repertum
1015 4015 1094 4074 putat
1118 3990 1319 4070 Hirclrsfeldius
1342 4012 1375 4059 ad

290 4129 295 4134 -
311 4097 464 4160 primorum
479 4097 636 4159 prinprum
650 4102 766 4146 aetatem
782 4100 930 4161 pertiuere.

344 4185 377 4250 (l)
393 4186 519 4247 Henzen,
538 4187 599 4236 6345
617 4201 622 4236 :
640 4203 652 4234 o
672 4190 711 4237 Ti.
734 4191 870 4238 Claudius
889 4192 1071 4239 Marcellinus
1090 4189 1187 4252 (proc.)
1203 4195 1274 4250 Aop.
1293 4204 1375 4250 apa-

313 4277 459 4327 tremonia.

346 4364 380 4428 (5)
401 4364 566 4415 Nominibus
585 4371 795 4428 procuratorum
818 4368 977 4430 patrImonii
997 4381 1067 4429 quae
1089 4367 1198 4430 collegit
1222 4367 1373 4419 Hirschfel-
