3450 5234
867 573 1022 636 -92-

413 710 624 801 plerumque
662 729 706 783 ex
743 710 869 783 officiis
908 709 1122 800 scriniisque
1153 709 1272 781 venire
1304 714 1474 788 constat:

413 835 504 907 nulli
524 843 643 908 tamen
664 837 820 909 veterani
840 837 1067 927 reperiuntur
1090 834 1156 931 (Ι).
1459 926 1462 936 Ι

461 962 593 1034 Eodem
627 963 732 1035 modo
767 963 869 1036 iundi
904 963 1120 1055 privatorum
1160 969 1356 1054 reguntur;
1392 968 1479 1034 sunt

332 1127 335 1132 <
412 1088 497 1159 hinc
522 1087 755 1160 conductores
778 1086 847 1181 (i),
866 1088 967 1159 illinc
990 1095 1126 1159 actores
1150 1088 1203 1159 rel
1231 1094 1477 1178 procuratores

412 1213 474 1303 qui
502 1212 613 1283 servis
639 1213 848 1303 colonisque
874 1220 1047 1303 praesunt
1065 1208 1133 1305 (5);
1157 1213 1208 1285 sic
1231 1212 1268 1283 in
1289 1214 1364 1303 lege
1389 1230 1477 1302 qua·

411 1338 493 1409 dam
525 1338 750 1428 praestandis
784 1321 963 1411 tironibus
989 1357 1132 1429 operam
1166 1338 1253 1411 dant
1282 1339 1473 1421 dominus,

410 1463 623 1545 conductor,
655 1466 803 1536 colonus
830 1474 865 1537 et
897 1472 993 1537 actor
1021 1463 1089 1558 (l).
1120 1466 1159 1536 ln
1191 1484 1325 1557 papyro
1357 1464 1475 1555 quinti

410 1589 520 1660 seculi
548 1588 676 1661 domus
707 1589 878 1661 ditissimi
903 1589 1088 1661 cuiusdam
1109 1591 1328 1680 possessoris
1348 1589 1476 1661 aduo-

409 1712 478 1785 hus
503 1713 780 1785 conductoribus
801 1714 934 1804 regitur
954 1714 1015 1804 qui
1036 1714 1178 1803 plenam
1201 1720 1411 1804 potestatem
1436 1712 1474 1784 in

409 1846 544 1911 actores
564 1846 599 1910 et
618 1839 851 1912 conductores
870 1858 1069 1911 massarum
1091 1847 1257 1912 exercent
1277 1837 1343 1935 (t).

460 1964 508 2034 lle
535 1964 671 2035 colonis
697 1964 936 2054 imperatoriis
960 1965 1052 2036 nihil
1078 1965 1256 2077 peculiare
1283 1964 1474 2037 dicendum

409 2086 597 2169 habemus,
616 2088 750 2179 quippo
768 2090 831 2179 qui
846 2109 867 2160 a
882 2089 1019 2160 colonis
1040 2090 1258 2179 privatorum
1278 2108 1351 2161 non
1371 2087 1473 2161 uide·

308 2204 315 2229 ‘
409 2219 513 2293 rant;
539 2230 603 2283 neo
631 2212 816 2285 colonatus
844 2215 1030 2286 historiam
1057 2221 1246 2286 retractare
1270 2214 1384 2305 placet
1407 2211 1473 2308 (6).

409 2315 525 2408 Pauca
543 2344 662 2409 tamen
684 2336 851 2409 addenda
869 2346 980 2411 sunt:
1098 2411 1102 2419 ,

461 2464 494 2530 l⁰
522 2463 663 2534 Praeter
693 2479 794 2535 veros
816 2463 986 2544 colonos,
1009 2464 1154 2536 colonos
1175 2463 1308 2536 scilicet
1327 2463 1474 2536 domino

440 2744 474 2808 (Ι)
490 2744 521 2795 G.
540 2746 617 2806 lust,
633 2746 685 2808 iv,
701 2746 744 2805 65,
760 2746 790 2796 35
804 2760 811 2796 ε
826 2762 838 2792 o
855 2744 977 2796 Gelonos
993 2760 1063 2809 quos
1082 2745 1272 2809 procurandos
1291 2750 1475 2809 susceperunt

409 2832 538 2896 (milites).

440 2922 473 2985 (i)
488 2921 518 2972 G.
535 2922 598 2985 Th.‚
616 2924 654 2985 ΙΙ,
671 2923 744 2983 30,2
770 2922 943 2986 Symmach.,
960 2928 1025 2985 Ep„
1043 2924 1095 2983 IX,
1111 2924 1163 2973 52:
1183 2940 1195 2969 r
1213 2923 1417 2974 conductorem
1431 2924 1473 2973 rei
1495 2906 1498 2911 Α

409 3026 487 3061 meac
502 3012 665 3064 Siciliensis.
680 3029 693 3059 p

440 3101 473 3163 (3)
490 3099 521 3150 G.
537 3101 602 3163 Th.‚
618 3102 670 3161 XI,
685 3103 713 3162 7,
729 3101 765 3154 io.
780 3128 810 3137 -
824 3102 997 3166 Symmach.,
1013 3107 1078 3165 Ep„
1094 3103 1146 3165 IX,
1160 3103 1175 3153 6
1191 3117 1197 3151 :
1215 3103 1357 3152 «dotores
1373 3105 1474 3152 absan-

408 3190 478 3239 tium
492 3191 593 3253 quibus
612 3204 656 3239 res
674 3191 826 3254 longinqua
845 3192 1040 3251 committitur,
1057 3197 1186 3255 tanquam
1208 3193 1293 3242 soluti
1306 3193 1414 3255 legibus
1428 3191 1474 3242 vi-

408 3284 514 3329 vunt.»
906 3340 909 3344 λ

438 3368 471 3431 (l)
489 3369 559 3419 Nov.
576 3367 725 3430 valentin„
741 3368 791 3427 ΙΙΙ,
806 3370 848 3418 tit.
864 3381 903 3431 vr,
920 3371 931 3433 ξ
948 3370 968 3420 l.

338 3434 344 3448 ,
439 3458 472 3522 (5)
488 3457 600 3521 Marini,
622 3459 712 3521 papiri
727 3458 911 3522 diplomatici‚
927 3468 956 3507 n⁰
971 3460 1014 3521 73,
1029 3461 1076 3508 ubi
1099 3460 1190 3523 agitur
1206 3460 1240 3509 de
1255 3460 1384 3509 Lauricio
1402 3473 1474 3522 quo·

408 3549 483 3608 dam,
500 3548 533 3599 V.
555 3548 586 3600 G.
604 3563 686 3611 quem
705 3548 838 3598 Marinius
853 3550 1042 3613 praepositum
1060 3550 1146 3599 fuisse
1166 3550 1237 3599 sacri
1257 3550 1376 3599 cubiculi
1399 3550 1474 3613 apud

408 3638 562 3688 Honorium
580 3622 666 3701 putat.

437 3727 470 3790 (6)
485 3726 526 3777 Gi.
541 3727 667 3777 Guerard
684 3742 690 3776 :
706 3731 879 3789 Polyptyque
894 3731 1064 3788 diminuta,
1079 3730 1303 3789 prolepomenes,
1319 3744 1345 3792 p,
1361 3728 1473 3779 insiti.

406 3816 520 3876 Giraud,
533 3820 657 3867 Histoire
671 3808 711 3866 du
723 3820 799 3867 droit
810 3821 945 3883 franceis,
962 3832 985 3870 c.
999 3818 1047 3881 ΙΙΙ,
1064 3822 1113 3868 art.
1129 3820 1151 3868 5.
1166 3818 1287 3881 wallon,
1303 3821 1426 3868 Histoire
1438 3822 1474 3868 de

393 3910 576 3967 .l'ettclaoa9e‚
592 3910 610 3956 t.
629 3907 676 3956 ΙΙΙ.
700 3906 840 3956 Revillout
853 3907 954 3970 (Reoue
974 3911 1129 3969 dicturique
1147 3911 1186 3956 du
1208 3911 1283 3958 droit
1303 3911 1428 3973 franceis
1446 3912 1473 3957 ei

406 3998 545 4056 etranper,
564 3995 687 4059 1856-57).
705 3996 828 4059 Savigny
844 4000 953 4058 (Kleine
974 4000 1115 4057 Schriften
1132 4016 1138 4046 :
1154 4000 1223 4046 uber
1241 4000 1297 4046 den
1312 3998 1472 4047 romtscoan

408 4084 542 4147 cotonei).
554 4085 662 4148 Zumpt,
677 4089 760 4148 (Uber
771 4089 827 4135 den
841 4088 1001 4135 admischea
1013 4086 1146 4147 colonati.
1161 4086 1300 4145 Huschke,
1312 4091 1471 4136 Steueruer-

405 4178 532 4236 (ascune.
548 4176 642 4225 Fustel
658 4175 692 4224 de
707 4174 863 4238 Ooulanges
878 4176 1070 4239 (institutions
1087 4178 1240 4237 poliliques
1261 4180 1295 4226 de
1311 4180 1470 4226 l'ancienrre

407 4269 523 4320 Franco.
538 4266 708 4312 Recderoltec
718 4277 769 4312 sur
781 4267 916 4324 quelques
929 4268 1087 4325 problemes
1103 4264 1265 4328 d'lttstoire).
1279 4264 1370 4325 Kiihn,
1381 4268 1468 4315 Stddl.

408 4356 469 4401 und
483 4354 562 4413 boiry.
578 4355 759 4414 versassunp,
773 4352 808 4413 ΙΙ,
820 4367 843 4402 o.
862 4353 896 4403 V.
