3450 5234
846 588 1024 650 -108-

402 722 571 799 permutati
585 719 643 802 (l),
662 721 711 781 vel
727 722 910 802 simpliciter
927 720 990 782 dati
1008 720 1064 802 (i),
1084 722 1133 781 vel
1149 720 1188 781 ad
1199 722 1374 782 cautionem
1390 720 1465 781 obli·

401 830 463 908 gati
482 828 536 907 (3),
562 828 610 888 vel
633 831 664 888 in
685 830 861 909 precarium
886 830 949 889 dati
972 829 1036 909 (l),
1059 830 1106 895 vel
1132 828 1237 889 traditi
1252 847 1323 890 cum
1339 828 1465 889 domino

400 936 468 1013 ipso
493 937 547 1013 qui
572 954 605 995 se
629 937 687 995 viri
710 935 839 1009 alterius
859 937 1017 996 hominem
1040 954 1108 996 esse
1131 936 1296 1017 profitetur
1313 936 1366 1017 (5).
1387 937 1464 997 Cum

400 1048 484 1101 tanta
502 1043 596 1121 igitur
614 1042 757 1102 libertate
771 1041 897 1121 praedia
914 1044 972 1103 ista
990 1062 1045 1121 per
1061 1062 1172 1104 manus
1187 1051 1361 1122 evagantur
1376 1051 1410 1104 ut
1425 1041 1465 1103 de

400 1166 474 1209 vero
493 1148 631 1208 dominio
648 1150 697 1228 agi
719 1150 819 1228 prima
840 1150 944 1228 specie
962 1149 1090 1209 credere
1108 1152 1266 1228 possimus
1284 1174 1290 1209 :
1312 1147 1398 1228 quod
1417 1156 1463 1209 ta·

400 1273 471 1315 men
488 1274 550 1315 non
565 1257 691 1315 omnino
713 1274 820 1315 verum
836 1275 905 1316 esse
922 1264 1054 1331 constat,
1077 1275 1179 1336 neque
1196 1255 1285 1317 facile
1303 1254 1464 1316 discernas

398 1361 608 1422 conditionem
629 1364 696 1423 eius
715 1365 769 1442 qui
793 1361 906 1423 fundos
928 1362 1053 1424 alienat.
1072 1364 1126 1424 Est
1148 1363 1228 1423 liber
1251 1362 1462 1443 plerumque3
1504 1362 1507 1369 “

397 1470 460 1529 imo
477 1469 569 1529 etiam
588 1471 618 1529 in
635 1469 760 1530 duobus
776 1470 850 1530 loeis
868 1471 904 1546 (6)
922 1471 1004 1530 inter
1020 1470 1215 1531 honestiores
1232 1477 1335 1549 potest
1350 1487 1462 1529 nume-

397 1578 480 1651 rnri3
506 1595 608 1656 neque
635 1578 718 1638 hunc
742 1578 927 1657 partiarium
955 1576 1099 1637 colonum
1127 1595 1195 1637 esse
1221 1594 1294 1637 vere
1321 1575 1461 1651 dixeno,

397 1686 545 1764 quoniam
560 1686 592 1744 in
608 1684 675 1745 loco
692 1684 827 1764 quodam
848 1686 970 1746 fructus
990 1684 1236 1764 omnes-praedii
1261 1684 1378 1762 obligat
1393 1683 1460 1765 (7);

396 1810 498 1871 neque
526 1793 624 1871 magis
652 1791 875 1852 conductorem
901 1793 1142 1872 temporarium,
1172 1810 1270 1871 quum
1297 1809 1461 1870 nunquam

395 1898 568 1960 conductor
589 1900 810 1978 temporiarius
833 1898 872 1959 de
893 1898 989 1959 fundo
1015 1900 1115 1959 locato
1131 1908 1257 1979 pactum
1275 1900 1461 1960 contrahere

396 2007 484 2084 quasi
503 2003 649 2065 dominus
668 2013 774 2085 posset
797 2005 913 2067 talibus
937 2006 1070 2067 verbis:
1092 2031 1105 2061 ‹
1122 2004 1170 2067 Ad
1185 2006 1410 2087 possedendum
1432 2017 1464 2069 et

394 2111 448 2174 hoe
463 2119 508 2173 est
521 2111 631 2173 obeodi
651 2113 774 2174 tenendi
792 2130 847 2174 seo
867 2111 1075 2175 commutandi
1091 2114 1223 2193 posteris
1248 2113 1326 2187 tois,
1344 2112 1392 2175 vel
1409 2114 1463 2176 ubi

394 2405 509 2454 odierna
521 2405 566 2453 die
581 2406 713 2468 quiequid
732 2406 765 2455 de
781 2406 941 2470 supradicta
956 2420 1013 2455 rem
1027 2408 1118 2455 facere
1132 2407 1263 2469 volueris,
1280 2407 1394 2455 liberam
1408 2407 1459 2455 ha·

394 2496 459 2543 beas
474 2499 648 2558 potestatem,
663 2497 739 2545 salvo
755 2498 815 2544 iure
829 2496 918 2558 ipsius
934 2496 1030 2545 sancti.
1044 2512 1055 2542 o
1071 2523 1102 2531 —
1116 2496 1146 2555 Τ,
1160 2496 1190 2545 42
1206 2510 1211 2545 τ
1230 2513 1241 2543 u
1257 2495 1459 2559 Perpetualiter

394 2583 428 2632 ad
441 2584 668 2647 possidendum...
687 2586 763 2635 salvo
778 2586 838 2633 iure
850 2586 940 2648 ipsius
954 2589 1053 2634 terrae.
1069 2602 1081 2631 o

425 2672 457 2734 (1)
473 2673 505 2734 A,
521 2673 553 2722 8:
569 2688 581 2718 u
595 2672 686 2736 Super
697 2676 844 2723 terreturio
860 2676 948 2723 sancti
963 2676 1037 2724 illius
1053 2681 1084 2724 ut
1099 2675 1235 2738 quidquid
1251 2675 1351 2724 exinde
1366 2677 1458 2725 facere

393 2764 527 2822 voluerit,
544 2766 647 2826 absque
665 2765 849 2827 prciudicium
867 2766 955 2814 sancti
971 2765 1045 2814 illius
1061 2766 1140 2815 euius
1161 2771 1234 2815 terra
1250 2780 1310 2815 osse
1331 2766 1457 2828 videtur,

393 2852 508 2900 liberam
523 2852 552 2899 in
566 2853 694 2901 omnibus
709 2854 810 2902 habeas
824 2858 998 2917 potestatem.
1014 2872 1025 2901 u

389 2994 394 3001 ,
425 2941 458 3005 (2)
474 2942 511 2995 A.
528 2943 557 2992 37
573 2957 578 2990 ε
597 2959 609 2989 u
626 2942 716 3006 Super
736 2945 883 2994 terraturio
903 2945 946 2993 vir
965 2945 1082 2993 inluster
1101 2945 1177 2996 illo...
1198 2946 1395 3008 perpetualiter
1410 2960 1457 2995 or·
1490 2924 1496 2935 ⁸

394 3031 458 3080 dine
478 3032 611 3081 tradimus
631 3032 664 3080 ad
684 3033 919 3095 possedendum...
937 3035 1049 3083 soledus
1067 3038 1160 3083 tantus
1180 3035 1230 3083 tibi
1247 3036 1370 3084 sociante
1389 3036 1456 3085 fisco

393 3124 548 3183 componat.
567 3132 624 3167 u·-
639 3122 676 3182 A,
693 3122 722 3171 58
741 3121 848 3185 (incipit
864 3122 963 3185 cessio)
980 3137 986 3171 ε
1004 3143 1016 3168 u
1032 3124 1155 3183 Abendi,
1174 3124 1301 3186 tenendi,
1317 3124 1454 3187 donandi,

392 3210 530 3259 vendendi
546 3225 596 3260 seu
611 3212 797 3261 commutandi
808 3216 912 3276 absque
923 3214 1077 3277 preludieio
1094 3216 1182 3264 sancti
1197 3215 1281 3274 illius,
1293 3215 1372 3264 euius
1383 3219 1455 3266 terra
1525 3257 1529 3261 .

392 3312 453 3347 esse
468 3299 592 3361 videtur,
609 3301 722 3349 liberam
738 3302 767 3349 in
786 3302 915 3351 omnibus
931 3304 1012 3351 abeas
1030 3307 1225 3366 potestatem...
1241 3307 1269 3352 et
1283 3304 1397 3367 insuper
1410 3305 1455 3353 in-

391 3391 433 3436 ter
448 3388 498 3437 tibi
513 3392 540 3437 et
552 3393 651 3451 agente
666 3390 754 3438 sancti
767 3390 841 3440 illius
856 3396 950 3441 tantus
966 3396 1121 3455 componat.
1138 3408 1150 3439 u

421 3476 455 3541 (3)
475 3477 517 3537 A,
533 3477 564 3526 22
585 3477 690 3540 (caurio
712 3479 746 3528 de
765 3479 856 3543 vinea)
873 3494 878 3529 :
896 3494 908 3526 a
926 3480 980 3540 Qui
1000 3484 1143 3544 estsuper
1166 3483 1343 3532 terraturium
1366 3483 1454 3532 sancti

390 3568 502 3617 illius.»

421 3656 454 3720 (l)
471 3657 508 3716 A,
525 3657 709 3721 7(securitas)
725 3672 731 3708 :
748 3675 761 3705 u
776 3659 810 3708 Et
825 3660 891 3723 quia
910 3660 943 3709 ad
963 3660 1125 3724 petitionem
1143 3676 1231 3711 meam
1250 3662 1346 3712 habuit
1365 3663 1453 3726 pietas
1496 3645 1504 3659 ¹

389 3749 494 3807 vestra,
519 3746 625 3795 fecistis
650 3748 716 3796 mihi
739 3750 904 3798 beneficium
925 3750 959 3798 de
976 3764 1033 3799 rem
1053 3756 1146 3800 vestra
1168 3755 1194 3800 et
1219 3751 1323 3800 domini
1348 3752 1451 3805 illius...

388 3837 492 3898 absque
516 3839 639 3885 vestrum
663 3837 847 3899 preiudicium
872 3844 899 3888 et
924 3839 1027 3888 domini
1050 3840 1123 3889 illius
1145 3840 1233 3890 tenire
1258 3844 1286 3890 et
1310 3840 1453 3903 possedire

389 3924 490 3974 debiat.
509 3941 521 3975 o

419 4014 452 4078 (5)
466 4016 509 4077 (Α,
531 4014 562 4065 ‘25
580 4014 693 4079 (incipit
713 4016 837 4067 vindicio
860 4019 909 4081 qui
933 4033 962 4068 se
983 4020 1074 4083 ipsum
1093 4019 1201 4083 vendit)
1218 4035 1224 4069 :
1242 4036 1254 4067 o
1269 4018 1384 4071 Constat
1398 4034 1452 4070 nus

388 4103 577 4153 vindedisse...
593 4118 656 4153 curu
671 4107 745 4155 omni
758 4108 898 4169 peculiare
914 4108 989 4171 quod
1004 4109 1166 4161 habemus..
1183 4124 1266 4173 super
1279 4114 1352 4159 terra
1367 4108 1451 4159 eccle·

388 4193 446 4242 siae
461 4192 621 4242 Andicavis
637 4210 650 4241 o

422 4282 730 4347 fflmhw-Qh

418 4371 454 4439 (Ἰ)
468 4372 501 4438 A,
516 4372 555 4426 22.
