3450 5234
825 582 984 642 ..12-

377 717 468 790 Fieri
488 725 605 791 tamen
626 720 742 810 potuit
761 726 800 791 ut
819 720 940 811 aliqua
959 739 1042 812 pars
1062 721 1198 814 integro
1226 729 1319 794 statu
1342 725 1435 796 inter

376 842 506 915 iundos
525 843 663 916 fiscales
686 846 738 917 rei
758 845 921 936 publicos
941 847 1184 918 collocaretur.
1208 847 1347 919 Scimus
1372 867 1434 919 au-

375 973 446 1040 tem
467 969 554 1041 baec
572 969 667 1040 bona
687 971 723 1041 in
745 970 845 1042 ltalia
861 971 906 1042 ad
922 971 1098 1044 aerarium
1113 972 1283 1062 primum,
1306 972 1436 1046 deinde

375 1111 396 1164 a
414 1093 519 1165 Marci
540 1093 674 1166 Aurelii
694 1101 870 1185 tempore,
892 1094 937 1166 ad
957 1093 1081 1167 fiscum
1098 1082 1266 1168 'devoluta
1286 1115 1365 1170 esse
1384 1094 1430 1188 (1)

375 1234 438 1307 per
457 1195 576 1288 curam
596 1218 850 1309 praefectorum
873 1219 1018 1300 aerarii,
1042 1219 1174 1310 quibus
1193 1220 1238 1291 ab
1255 1220 1434 1293 Hadriano

374 1341 533 1413 adiuncti
549 1349 633 1414 sunt
648 1350 894 1434 procuratores
910 1343 1159 1416 hereditatium
1180 1342 1244 1436 (t).
1262 1347 1434 1417 Monstra·

375 1467 423 1537 rit
450 1467 708 1540 Hirchsieldius
734 1468 780 1560 (5)
812 1476 981 1558 quantam
1010 1468 1094 1541 inde
1117 1469 1251 1542 abhoc
1277 1478 1434 1561 tempore

374 1591 616 1664 auctoritatem
644 1591 681 1662 in
710 1592 810 1664 Italia
829 1600 1076 1683 procuratores
1102 1594 1155 1664 ilii
1182 1594 1432 1667 hereditatium

374 1717 553 1788 consecuti
582 1724 703 1790 essent
735 1724 770 1790 ct
796 1718 881 1789 alibi
918 1718 1157 1791 demonstravi
1182 1715 1238 1813 (4)
1265 1719 1434 1810 quemad-

373 1967 603 2058 cantiumquc
619 1969 905 2058 quaestionibus,
925 1988 1017 2060 quae
1039 1969 1174 2040 nuliam
1193 1977 1328 2061 partem
1345 1970 1433 2041 iuris

374 2111 446 2164 non
482 2100 682 2184 tangerent,
711 2101 833 2166 natum
862 2101 956 2167 esset
977 2093 1038 2163 'ios
1061 2094 1157 2184 fisci,
1191 2099 1434 2183 quantamque

373 2217 604 2308 imperatores
623 2219 912 2310 procuratoribus
928 2219 1004 2290 suis
1025 2219 1061 2288 in
1083 2218 1291 2291 decidendis
1310 2217 1433 2288 litibus

374 2343 616 2415 auctoritatem
639 2343 840 2424 dedissent,
864 2361 1088 2435 magnorum
1110 2342 1324 2414 detrimento
1344 2339 1435 2412 ordi·

375 2466 556 2537 uariorum
580 2467 804 2558 praesidum,
826 2468 889 2540 sed
921 2487 999 2539 cum
1032 2486 1160 2558 magna
1187 2464 1433 2558 imperatoriae

374 2593 560 2683 potestatis
594 2593 758 2665 utilitate.
795 2595 859 2664 Hic
892 2600 1011 2665 tamen
1046 2593 1143 2664 iilius
1173 2591 1433 2683 jurisdictionis

345 2735 600 2815 *progressum
639 2720 766 2791 iterum
805 2718 1007 2792 describere
1041 2718 1146 2790 nobis
1185 2736 1256 2788 non
1296 2717 1430 2807 placet,

376 2842 509 2934 quippe
530 2843 662 2935 quibus
682 2844 844 2935 praedia,
865 2845 975 2917 semei
994 2852 1076 2935 post
1095 2843 1232 2914 decisas
1250 2843 1329 2914 lites
1348 2840 1433 2913 fisco

375 2967 562 3050 attributa,
586 2970 810 3042 considerare
830 2971 1051 3062 propositum
1073 2969 1132 3041 sit.

424 3094 463 3164 In
484 3095 677 3185 provinciis
696 3103 813 3166 autem
835 3095 1024 3167 senatoriis
1048 3095 1135 3166 baec
1158 3093 1252 3164 bona
1278 3091 1432 3183 primum

375 3395 387 3425 r(
403 3379 455 3429 Tot
470 3381 604 3430 damnatis
622 3381 755 3444 bonisque
767 3394 863 3430 eorum
877 3382 1041 3429 diuenditis.
1054 3394 1066 3424 r
1078 3382 1105 3429 G.
1119 3383 1139 3427 1.
1154 3383 1194 3439 1.,
1208 3378 1240 3439 X,
1252 3377 1322 3435 8038,
1337 3377 1385 3425 ubi
1400 3376 1434 3424 de

374 3471 454 3518 bonis
469 3483 518 3532 per
532 3471 628 3518 fiscum
642 3469 763 3518 venditis
779 3469 876 3531 agitur.

405 3558 437 3622 (1)
453 3559 496 3608 Ad
514 3560 649 3608 aerarium
662 3559 801 3622 pertinent
815 3572 905 3620 usque
921 3558 955 3605 ad
970 3557 1139 3606 Hadrianum
1155 3557 1184 3603 In
1198 3553 1271 3618 Dig„
1286 3555 1382 3616 XLIX,
1397 3554 1434 3613 14,

376 3649 404 3698 15
416 3649 427 3710 a
440 3649 472 3698 3:
486 3665 497 3694 u
510 3648 628 3698 Senatus
642 3648 775 3697 Hadriani
791 3647 962 3710 temporibus
976 3645 1093 3705 censuit,
1107 3659 1191 3707 quum
1201 3645 1264 3706 quis
1274 3657 1304 3692 se
1316 3643 1350 3691 ad
1362 3657 1434 3692 aera·

374 3739 444 3787 rium
460 3738 618 3788 detulerit...
635 3754 647 3783 u
669 3738 750 3796 Prin,
767 3741 827 3796 Ep,
843 3737 882 3794 II,
902 3736 930 3785 16
940 3749 946 3794 ;
968 3735 1049 3796 Plin.,
1066 3739 1178 3795 Parcae,
1194 3749 1216 3782 c.
1234 3734 1276 3794 34,
1291 3734 1328 3783 36.
1343 3760 1374 3769 -
1392 3733 1434 3781 Ad

374 3827 470 3875 fiscum
487 3832 578 3875 autom
592 3828 626 3874 ab
642 3829 730 3874 aetate
742 3825 826 3873 Marci
843 3825 949 3873 Aurelii
962 3824 992 3871 in
1004 3823 1076 3886 Dig„
1091 3821 1217 3883 XXVIII,
1231 3821 1253 3883 4,
1265 3821 1295 3882 3;
1309 3820 1433 3880 XXXIV,

374 3915 397 3975 9,
413 3915 442 3966 16
456 3916 467 3978 Ξ
481 3916 505 3967 2.

405 4004 439 4068 (2)
453 4004 526 4068 Dig.,
539 4003 635 4065 XLIX,
651 4004 687 4064 14,
704 4003 751 4066 323
767 4003 802 4064 ΙΙ,
820 4003 857 4064 15,
873 4003 888 4052 8
902 4003 914 4064 t
929 4002 966 4054 19.
980 4028 1012 4038 -
1025 4000 1056 4051 G.
1072 4001 1150 4063 lust,
1168 3999 1229 4062 VII,
1245 3999 1283 4060 54,
1300 3999 1321 4048 1.

406 4092 438 4157 (3)
457 4097 721 4155 Untersuchurtpen‚
738 4107 764 4156 p.
780 4091 847 4141 I-d8.
1357 4071 1361 4078 ⁵

406 4182 441 4245 (4)
456 4181 497 4233 cf.
514 4182 780 4233 Commentationem
803 4188 925 4232 nostram
946 4182 1106 4244 inscriptam
1121 4195 1127 4229 :
1143 4185 1182 4230 La
1196 4182 1368 4239 juridiction
1386 4180 1433 4238 fis-

377 4276 434 4322 cate
446 4276 598 4335 d'Aupuste
612 4275 628 4322 d
640 4275 794 4324 Diocletien
807 4273 957 4336 (metanpes
970 4272 1171 4332 d’arctreotopte
1181 4275 1207 4320 ct
1219 4272 1371 4329 d’bistoire,
1383 4282 1433 4329 pu·

378 4365 446 4416 blie'r
456 4377 510 4434 par
523 4366 621 4412 t'Ecole
635 4366 775 4434 {reopaise
791 4367 825 4413 de
839 4365 934 4425 Rome,
949 4366 968 4410 t.
985 4360 1042 4424 VI).
