3450 5234
885 559 1045 620 „48-

429 695 538 767 nibus
566 696 836 776 transmittitur,
867 697 917 767 ita
942 703 980 767 ut
1004 717 1026 766 a
1049 697 1254 786 patrimonii
1275 716 1359 769 cura
1385 697 1496 770 fiscus

432 822 592 892 nondum
613 829 770 893 remotus
795 822 907 894 luisse
931 821 1111 901 rideatur;
1134 824 1206 894 imo
1229 830 1497 913 procuratorem

432 949 633 1039 provinciae
652 949 877 1020 Callistratus
898 956 1018 1021 monet
1041 957 1079 1021 ut
1102 949 1248 1041 praedia
1267 949 1497 1040 imperatoris

431 1073 522 1144 tueri
547 1073 675 1145 debeat
697 1070 743 1165 (1)
768 1080 803 1144 et
828 1075 866 1143 in
893 1074 996 1145 titulo
1027 1074 1182 1163 quodam
1211 1075 1406 1165 Hispaniae
1441 1072 1496 1168 (2)

366 1291 370 1296 .
432 1206 637 1286 procurator
664 1199 866 1288 provinciae
893 1197 982 1269 duas
1007 1217 1106 1270 arcas
1133 1199 1380 1281 administrat,
1408 1200 1499 1271 alte·

433 1340 507 1392 ram
529 1323 708 1412 propriam
728 1321 824 1405 fisci,
844 1323 991 1394 alteram
1009 1323 1233 1412 patrimonii,
1256 1324 1312 1395 cui
1331 1323 1499 1395 adiuncti

432 1453 517 1517 sunt
541 1447 691 1519 vicarius
714 1454 748 1519 et
771 1447 1010 1538 dispensator.
1034 1448 1214 1519 Habemus
1240 1448 1347 1520 etiarn
1368 1466 1499 1538 procu·

432 1579 584 1644 ratorem
605 1572 806 1662 provinclae
824 1572 1013 1644 Numidiae
1032 1573 1124 1644 vices
1145 1579 1307 1664 agentem
1327 1591 1498 1664 procura-

432 1697 519 1768 toris
546 1703 678 1768 tractus
705 1696 907 1767 Thevestini
926 1693 976 1789 (5)
1012 1721 1020 1767 :
1050 1697 1145 1768 unde
1163 1706 1310 1788 apparet
1334 1696 1412 1769 lieri
1432 1716 1499 1788 po·

433 1823 544 1892 tuisse
568 1828 605 1891 ut
625 1821 754 1893 diversi
775 1829 1019 1912 procuratores
1036 1822 1246 1911 patrimonii
1272 1821 1494 1912 procuratori

432 1947 634 2038 provinciae
653 1946 927 2018 subiicerentur.

481 2073 520 2141 ln
536 2073 681 2162 AEgypto
706 2068 752 2163 (1)
779 2079 917 2161 praeter
936 2072 1062 2144 fiscum
1083 2072 1230 2144 alteram
1249 2091 1366 2144 arcam
1387 2071 1499 2161 patri-

433 2196 543 2266 monii
563 2195 751 2277 habemus,
771 2196 873 2268 cuius
890 2171 987 2267 uaria
1001 2197 1150 2267 nomina
1166 2204 1251 2268 sunt
1268 2221 1277 2267 :
1294 2191 1371 2274 ἴδιος
1385 2198 1497 2290 λόγος,

431 2322 581 2414 Καίσαρος
607 2323 716 2414 λόγος,
738 2326 862 2414 nuptant
891 2320 1008 2413 ψῆφος
1029 2322 1260 2411 nequeenim
1282 2340 1362 2393 curn
1388 2324 1499 2393 Boeo-

432 2444 491 2515 kin
516 2442 562 2537 (5)
587 2445 785 2535 putandum
805 2453 859 2518 est
877 2447 967 2518 duas
984 2465 1083 2517 arcas
1106 2448 1151 2518 iis
1171 2447 1380 2518 nominibus
1397 2446 1498 2518 desi·

431 2569 546 2659 gnari.
561 2569 779 2640 Patrimonio
800 2571 883 2641 lruic
902 2579 1062 2661 praeerat
1081 2570 1252 2661 r'dioloqos
1267 2569 1330 2664 (d),
1345 2571 1412 2643 sub
1424 2590 1499 2663 quo

433 2694 630 2782 reperimus
649 2702 913 2784 procuratorem
929 2695 1167 2768 Alexandriae
1188 2696 1234 2768 ad
1253 2697 1409 2767 rationes
1428 2715 1496 2786 pa-

430 2817 590 2888 trimonii
617 2815 686 2910 (7),
709 2793 955 2919 procuratores
979 2819 1119 2891 usiacos
1148 2817 1218 2912 (8),
1241 2825 1420 2915 ἐπιτροπους
1441 2832 1501 2889 τοῦ

431 2953 531 3034 copon
559 2939 610 3036 (9)
633 2967 641 3013 :
665 2950 782 3015 utrum
812 2952 930 3016 autem
958 2944 1003 3016 ad
1031 2944 1154 3015 fiscum
1182 2964 1228 3016 an
1251 2946 1297 3017 ad
1325 2947 1497 3035 patrimo·

433 3064 533 3138 nium
550 3068 725 3157 pertineat
743 3076 951 3158 procurator
971 3069 1120 3158 Augusti
1146 3077 1282 3160 septem
1307 3087 1499 3142 nomorum

432 3198 466 3262 et
486 3191 687 3264 Arsinoitae
710 3191 781 3286 (10)
805 3194 980 3266 incertum
1001 3202 1068 3267 est.

406 3455 408 3458 ·
465 3438 498 3499 (1)
516 3438 588 3502 nig,
605 3439 626 3499 1,
645 3438 682 3499 19,
700 3439 721 3489 3,

464 3526 496 3590 (i)
513 3531 539 3576 G.
556 3533 577 3578 1.
592 3533 631 3586 L.,
651 3527 685 3587 ΙΙ,
704 3527 771 3579 1198.

463 3615 495 3679 (3)
511 3615 584 3679 VIII,
599 3616 669 3666 7053.

466 3703 498 3767 (1)
514 3704 615 3764 Siren,
633 3705 719 3763 XVII,
736 3701 761 3768 p'.
779 3707 833 3758 797.
846 3706 931 3757 Tacit.
948 3708 1146 3770 nan.,111,25‚
1160 3687 1410 3771 aofpltnraaep,
1426 3711 1465 3759 36.

464 3795 496 3858 (5)
511 3799 536 3844 C.
554 3800 575 3843 I.
592 3799 648 3855 Gr„
668 3795 716 3847 ΙΙΙ.

463 3883 495 3946 (6)
511 3883 611 3944 Strab„
622 3884 640 3931 I.
657 3898 679 3932 c.
696 3887 722 3932 0.
736 3890 758 3932 Ι.
770 3889 809 3944 G„
825 3885 875 3944 111,
888 3884 949 3934 4957
964 3899 968 3933 :
983 3903 994 3931 n
1007 3889 1021 3935 ὁ
1033 3888 1135 3948 γνώμων
1149 3892 1193 3936 τοῦ
1204 3887 1267 3936 ἰδίου
1279 3888 1353 3950 λόγου
1367 3913 1398 3921 -
1412 3889 1499 3953 ὁπρὸς

432 3973 467 4036 τῷ
481 3973 534 4036 ἰδίῳ
549 3973 614 4036 λόγῳ
628 3975 785 4036 τεταγμένος.
804 3990 815 4020 a

464 4061 497 4124 (ῖ)
510 4061 641 4121 Fabretti,
660 4062 712 4121 198,
729 4062 782 4112 tot.

463 4151 496 4215 (8)
513 4155 539 4202 G.
553 4156 574 4200 I.
590 4156 629 4213 L.,
646 4152 694 4212 III,
709 4153 746 4201 53.

464 4240 496 4303 (9)
515 4245 541 4291 G.
557 4246 577 4288 I.
594 4245 649 4300 Gn,
665 4242 734 4300 5957,
749 4240 818 4291 4747.

465 4327 514 4392 (10)
530 4327 623 4387 Orelli,
641 4329 694 4378 516.
