3450 5234
851 571 1011 635 -ffl-

400 715 562 797 occurrit,
597 732 655 796 ne,
688 711 751 804 qui
784 719 982 804 emptarum
1014 731 1035 783 a
1066 710 1152 784 lisco
1184 711 1457 803 possessionum

399 843 552 933 pretium
570 842 771 925 solvissent,
791 859 853 932 pro
869 839 935 918 eis.
953 844 1092 929 praeter
1106 838 1252 910 solitum
1267 837 1455 920 tributum,

400 966 518 1038 adhuc
530 965 675 1056 vectigal
692 964 872 1056 quoddam
892 959 1037 1057 (εκφόρια)
1055 968 1235 1053 praestare
1250 969 1461 1053 cogerentur

401 1091 505 1181 quasi
522 1108 595 1161 non
611 1088 758 1180 privati,
780 1089 843 1162 sed
862 1087 978 1160 coloni
996 1087 1158 1160 Caesaris
1177 1094 1298 1160 essent
1322 1087 1462 1183 (νιωργοὶ

401 1211 576 1310 δημοσίω).
606 1214 693 1287 lnde
726 1214 833 1306 igitur
859 1220 1005 1306 apparet
1036 1213 1107 1285 duo
1136 1213 1246 1286 luisse
1270 1214 1459 1286 homiuum

403 1359 531 1432 genera
550 1341 588 1411 in
606 1340 826 1431 Aegyptiacis
846 1339 1007 1412 Caesaris
1032 1338 1181 1411 lundis:
1203 1339 1288 1410 hinc
1308 1338 1461 1411 conduc·
1492 1329 1496 1338 ’

403 1471 497 1537 tores
514 1465 726 1555 temporales
742 1460 915 1557 (μισθωτοῖς)
937 1462 1089 1553 quipost
1102 1463 1287 1536 locationis
1303 1470 1458 1556 tempus,

404 1590 503 1662 abire
530 1589 634 1661 liberi
662 1595 835 1679 possent;
868 1588 968 1660 illinc
992 1589 1136 1660 colonos
1156 1585 1308 1684 (γεωργοί)
1339 1587 1463 1680 glebae

405 1713 508 1803 quasi
523 1713 683 1785 addictos
704 1712 765 1803 qui
786 1712 931 1804 vectigal
952 1719 1160 1803 perpetuum
1190 1709 1349 1807 (ἐκφόριον)
1375 1729 1462 1803 pen·

405 1837 552 1919 derent;
575 1840 640 1909 hos
652 1856 733 1910 vero
750 1836 954 1909 llndorllins
970 1838 1046 1909 iure
1058 1838 1208 1909 coniecit
1227 1836 1370 1909 eosdem
1383 1854 1462 1909 esse

376 1997 378 2004 v
405 1981 445 2034 ac
464 1963 552 2035 istos
572 1962 742 2053 agricolas
762 1963 824 2052 qui
844 1961 940 2052 apud
969 1961 1185 2033 Herodotum
1213 1969 1248 2035 et
1267 1960 1462 2034 Diodorum

405 2094 535 2160 terram
550 2088 641 2158 veris
650 2087 920 2178 possessoribus
933 2083 1109 2182 (γεωμοροί)
1129 2087 1267 2171 colunt,
1284 2087 1323 2157 in
1335 2086 1463 2159 iisdem

406 2211 527 2283 lundis
546 2211 701 2294 assidui,
730 2213 925 2304 glebaeque
944 2211 1196 2307 adhaerentes,
1225 2211 1346 2284 debita
1370 2218 1465 2285 certa

405 2339 591 2428 pensione,
603 2336 800 2428 eodemque
810 2338 915 2410 modo
925 2338 1037 2410 habiti
1055 2358 1096 2409 ac
1105 2339 1245 2430 antiqui
1260 2339 1464 2410 Thessaliae

406 2462 703 2552 Macedoniaeque
721 2467 863 2531 πένεσται
881 2461 1092 2554 diversaque
1117 2463 1277 2535 omnium
1299 2461 1465 2534 Graeciae

406 2588 560 2678 partium
584 2597 742 2681 περιοικῶν
757 2606 898 2679 genera.
921 2588 1012 2660 Fieri
1033 2588 1149 2679 potuit
1168 2595 1207 2660 ut
1226 2587 1326 2660 fundi
1346 2588 1464 2659 cuius-

407 2730 477 2802 que
512 2730 595 2802 pars
630 2712 740 2783 altera
777 2731 906 2804 magno
941 2712 1160 2795 conductori,
1199 2713 1310 2785 altera
1346 2713 1465 2804 parvis

407 2838 543 2909 colonis
568 2846 828 2920 reservaretur;
849 2846 1043 2930 utcumque
1064 2846 1183 2912 tamen
1204 2857 1243 2912 se
1262 2858 1318 2911 res
1338 2837 1465 2910 habuit

407 2961 609 3051 exemplum
618 2961 718 3033 illius
733 2969 924 3053 perpetuae
938 2962 1238 3037 conductioniseu
1248 2965 1404 3056 Aegypto
1418 2963 1465 3035 ad

408 3087 496 3158 alias
512 3086 653 3177 imperii
670 3088 831 3178 regiones
848 3090 1050 3162 manavisse
1062 3109 1126 3182 pro
1141 3097 1234 3162 certo
1253 3090 1463 3162 habeamus.

456 3212 498 3284 V.
540 3214 589 3283 lle
626 3211 789 3284 Africano
827 3232 910 3304 agro
951 3213 1125 3286 habemus
1165 3214 1466 3306 pretiosissimum

409 3335 673 3418 documentum,
704 3337 847 3409 titulum
874 3356 945 3427 quo
972 3338 1042 3409 iam
1066 3340 1123 3411 usi
1146 3357 1285 3422 sumus,
1315 3337 1466 3411 Buruni-

409 3463 504 3542 tani,
531 3461 664 3543 saltus,
688 3459 744 3532 cui
764 3461 989 3552 explanando
1013 3463 1135 3553 plnres
1159 3463 1258 3555 iique
1283 3469 1466 3556 praestan·

410 3585 517 3655 liores
536 3583 602 3653 viri
623 3579 676 3676 (l)
693 3603 842 3657 acumen
862 3585 996 3676 ingenii
1016 3585 1088 3658 iam
1107 3586 1342 3660 admoverunt
1360 3606 1468 3678 quam

410 3715 449 3781 ut
468 3708 512 3783 de
532 3710 667 3800 integro
688 3710 870 3782 materiem
887 3717 1090 3785 tractemus.

442 3999 474 4064 (1)
490 3998 653 4059 Mommsen,
674 3999 691 4048 l.
717 4014 740 4052 c.
760 3998 854 4050 Fustel
877 3999 910 4049 de
934 4000 1104 4065 Coulangos,
1124 4002 1142 4052 l.
1169 4016 1192 4053 e.
1217 4003 1341 4068 Remum,
1362 4005 1380 4054 l.
1400 4019 1423 4055 c.
1439 4030 1470 4041 -

412 4089 491 4138 Adde
506 4093 622 4150 uptam.
639 4093 742 4151 eptem,
758 4090 796 4150 V,
812 4091 878 4139 iaso.
896 4092 923 4153 3,
940 4091 967 4154 l,
988 4101 1017 4139 n·
1036 4091 1079 4141 47¹
1103 4104 1108 4141 :
1127 4091 1248 4142 Titulnrn
1265 4094 1408 4158 Ain-Zaga
1423 4107 1469 4144 re-

412 4184 534 4243 pertum,
550 4181 578 4228 in
593 4185 670 4243 parte
684 4181 815 4243 quadam,
830 4186 861 4230 ut
883 4182 1007 4245 videtur,
1023 4185 1108 4232 saltus
1131 4182 1307 4245 Burunitani,
1330 4186 1470 4248 elinque

412 4271 589 4318 nominantur
603 4270 649 4318 alii
665 4274 867 4332 procuratores.
882 4271 917 4320 N·
927 4271 1093 4321 lectitatum
1108 4272 1231 4322 eiusdem
1242 4275 1360 4336 generis,
1374 4274 1403 4323 in
1414 4288 1469 4336 quo

413 4358 522 4408 easdem
536 4359 661 4421 querelas
677 4359 767 4406 coloni
782 4359 941 4421 imperatori
954 4358 1104 4409 Commodo
1119 4360 1261 4424 dirigunt;
1278 4363 1330 4411 hoc
1345 4363 1385 4412 eis
1400 4375 1467 4411 con-
