3450 5234
515 855 1115 967 APPENDICES

642 1544 837 1606 APPENDIX
859 1540 990 1604 PRIMA.

285 1782 321 1821 DE
342 1780 539 1821 connuc'rlouss
560 1763 707 1819 PBRPETUA
726 1777 756 1816 lu
779 1774 921 1817 rorifluus
942 1772 1107 1823 QUIBUSDAM
1128 1772 1346 1813 rnaonnusmus

652 1883 974 1931 Annnctvurtsmusoun.
1066 1884 1070 1893 ‘

324 2078 527 2160 Explicandis
535 2076 678 2139 formulis
693 2074 884 2156 quibusdam
896 2073 1134 2135 Turonensibus
1145 2072 1348 2136 Andecaven·

286 2188 439 2266 sibusque
454 2204 580 2265 operam
601 2184 815 2245 recentissime
833 2181 922 2243 dedit
940 2183 1083 2241 Brunner
1101 2180 1162 2261 (i),
1183 2183 1214 2241 in
1232 2180 1351 2261 quibus

287 2294 487 2375 proprietatis
521 2292 617 2352 forma
656 2288 811 2369 quaedam
847 2288 980 2367 insignis
1015 2288 1181 2367 reperitur.
1220 2285 1347 2347 Praedia

286 2419 400 2480 nempe
417 2398 456 2459 de
471 2398 589 2478 quibus
604 2397 707 2477 agitur
724 2397 820 2458 variis
839 2394 939 2456 modis
957 2396 1233 2467 transmittuntur,
1252 2392 1300 2453 vel
1318 2394 1350 2453 in

287 2508 390 2571 dotem
407 2507 452 2588 (2)
469 2506 519 2568 vei
536 2507 567 2566 in
582 2504 787 2566 hereditatem
801 2505 942 2565 concessi
956 2502 1011 2585 (3),
1031 2502 1080 2563 vei
1094 2500 1213 2563 venditi
1228 2500 1285 2582 (i),
1300 2502 1349 2563 vei

318 2748 350 2812 (i)
370 2749 527 2806 Zeitscbrist
551 2749 601 2795 der
620 2748 888 2806 Saviyny—Stistunq
911 2748 957 2803 fiir
981 2745 1252 2804 Rechtsyesebicbte,
1274 2743 1313 2803 V,
1338 2743 1353 2792 2

288 2838 533 2902 (Germanistische
554 2835 734 2898 Abtheilunp)
751 2850 756 2883 ε
775 2851 787 2881 o
804 2835 848 2884 die
864 2834 1003 2897 Erbpacht
1023 2834 1072 2881 der
1091 2832 1352 2882 Formeisammlun-

240 2928 245 2936 '
288 2941 340 2991 gen
366 2940 421 2976 von
442 2925 550 2988 Angers
574 2925 631 2974 und
653 2925 741 2974 Tours
765 2925 823 2972 und
847 2925 892 2973 die
916 2924 1134 2987 sp'attromischen
1154 2925 1353 2987 Verpachtung

288 3017 337 3066 der
353 3015 594 3077 Gemeindeguter.
610 3030 622 3060 o
638 3040 669 3048 -
689 3012 730 3063 Gi.
750 3014 876 3071 Esmein,
896 3015 1037 3073 Matanees
1055 3016 1199 3062 d'bistoire
1217 3017 1256 3063 du
1278 2996 1354 3063 droit

289 3112 314 3157 et
338 3110 371 3156 de
390 3109 511 3167 critique
526 3104 580 3168 (les
603 3108 677 3153 baux
700 3104 858 3167 perpetueis
878 3104 927 3152 des
951 3104 1083 3152 formulas
1108 3102 1243 3166 d’Angers
1268 3108 1294 3153 et
1319 3104 1353 3153 de

205 3260 210 3265 ·
290 3174 401 3258 Tdurs).

320 3284 352 3348 (2)
367 3288 517 3333 Formulae
532 3284 586 3347 (ed.
604 3283 737 3341 Zenmer).
751 3283 784 3342 A,
803 3284 812 3331 i
831 3297 837 3333 ε
854 3299 867 3328 c
884 3283 957 3331 Haec
974 3284 1067 3332 omnia
1081 3284 1237 3347 subscripta
1252 3297 1310 3332 reru
1325 3284 1353 3331 in

288 3377 351 3422 tuae
366 3374 427 3422 iure
443 3377 470 3422 et
490 3373 682 3423 dominacione
702 3374 755 3422 hoc
774 3374 897 3436 recipere
918 3373 1012 3421 debias
1032 3373 1076 3421 vel
1096 3374 1215 3436 postoris
1235 3374 1308 3432 suiS,
1330 3374 1353 3421 si

288 3464 427 3512 internus
448 3464 584 3525 procreati
606 3465 731 3525 fuerunt,
751 3463 983 3525 derelinquentiS,
1003 3464 1071 3514 salvi
1091 3464 1151 3513 iure
1171 3465 1258 3512 sancti
1279 3465 1353 3512 iilius

290 3554 368 3601 cuius
388 3557 460 3601 terre
482 3566 543 3601 esse
560 3553 679 3603 videtur.
696 3570 708 3598 u
723 3581 754 3588 —
769 3554 806 3612 A,
822 3553 853 3603 40
868 3567 873 3601 :
891 3569 903 3599 o
920 3553 977 3602 Hec
988 3554 1109 3603 omnia...
1127 3554 1221 3602 habias
1238 3568 1353 3603 conces-

290 3658 379 3695 sum...
398 3644 596 3706 perpetualiter
611 3644 645 3691 ad
661 3646 760 3693 husum
782 3646 935 3693 fructuario
951 3645 984 3693 ad
1000 3644 1233 3707 possediendum,
1249 3648 1353 3707 absque

291 3732 445 3795 preiudicio
461 3733 540 3780 cuius
556 3736 628 3781 terre
645 3747 706 3782 esse
720 3733 838 3783 videtur.
855 3750 867 3779 u
883 3734 916 3795 A,
933 3733 962 3783 54
978 3748 983 3781 :
1003 3750 1015 3779 c
1069 3738 1095 3782 et
1112 3738 1152 3783 est
1168 3748 1251 3797 super
1266 3737 1353 3782 terra-

290 3820 392 3868 turium
407 3821 496 3869 sancti
511 3821 615 3872 illius...
631 3821 727 3870 inferit
741 3822 814 3870 inter
827 3822 877 3870 tibi
893 3826 919 3870 et
934 3822 1000 3870 fisco
1017 3822 1128 3871 soledus
1144 3826 1245 3872 tantus.
1262 3837 1274 3867 u

321 3907 352 3971 (3)
370 3909 403 3970 Α,
420 3908 434 3957 4
447 3922 453 3956 τ
467 3913 518 3957 oet
533 3909 630 3957 residit
643 3910 672 3958 in
684 3911 862 3958 terraturium
879 3911 967 3959 sancti
982 3912 1085 3962 illius..
1101 3916 1133 3960 ut
1148 3912 1182 3960 de
1197 3914 1230 3959 ab
1246 3912 1353 3961 hodier-

290 4012 356 4047 num
372 3998 433 4047 diae
448 4004 616 4048 memoratus
632 3998 729 4062 emtor,
746 4000 878 4062 quicquid
892 4001 925 4049 de
940 4002 1001 4063 ipsa
1015 4002 1097 4051 vinea
1109 4001 1199 4049 facere
1216 4001 1352 4063 volueris,

290 4088 404 4137 liberam
419 4090 448 4137 in
463 4090 591 4138 omnibus
605 4091 706 4139 habeas
722 4094 895 4153 potestatem.
912 4108 924 4138 u
939 4118 970 4127 -
985 4092 1017 4150 A,
1032 4090 1080 4139 21:
1096 4107 1107 4137 r<
1121 4090 1159 4140 Ut
1173 4090 1306 4153 quicquid
1320 4093 1353 4140 ab

293 4176 407 4226 odierna
418 4178 508 4227 diae...
522 4192 603 4241 agere
617 4180 748 4242 volueris,
765 4182 869 4242 absque
884 4180 1067 4243 preiudicium
1082 4181 1170 4229 sancti
1184 4180 1258 4229 illius
1273 4180 1353 4229 cuius

294 4269 366 4314 terre
382 4280 443 4316 esse
456 4268 575 4329 videtur,
591 4270 746 4318 liberam'in
762 4270 890 4318 omnibus
905 4273 986 4319 abeas
999 4273 1172 4333 potestatem.
1189 4286 1200 4317 n

324 4353 357 4417 (4)
379 4356 415 4415 Α,
434 4355 461 4418 4,
477 4356 516 4405 21.
531 4383 562 4391 —
577 4357 611 4417 T,
627 4357 641 4405 8
661 4371 666 4406 ε
684 4357 785 4406 «Infra
809 4358 956 4407 terminum
976 4360 1063 4407 sancti
1085 4358 1189 4411 iilius..
1210 4360 1249 4409 ita
1268 4364 1299 4411 ut
1318 4362 1352 4409 ab
