3450 5234
856 510 1017 573 ..90-

403 649 440 720 in
466 648 556 721 duas
581 655 700 739 partes
729 647 840 719 dividi
862 672 871 718 ε
897 648 1043 720 alteram
1070 666 1162 738 quae
1187 665 1286 719 casas
1313 647 1467 738 particu-

402 774 527 863 lasque
560 774 767 845 colonorum
797 773 999 854 contineat,
1022 774 1167 844 alteram
1197 790 1303 862 quam
1324 772 1469 863 propria

402 916 509 989 opera
546 898 780 970 conductores
815 904 988 978 tractent,
1024 897 1325 987 praestationibus
1359 897 1465 969 etiam

402 1023 609 1096 colonorum
640 1022 836 1093 vicinorum
862 1021 998 1103 adiuti;
1028 1021 1090 1093 sed
1115 1020 1193 1093 lieri
1216 1022 1321 1093 etiam
1351 1022 1468 1112 potuit

401 1155 441 1220 ut
468 1148 571 1220 tertia
596 1147 771 1238 quaedam
797 1166 880 1238 pars
904 1147 1058 1219 indivisa
1080 1147 1286 1219 colonorum
1309 1146 1462 1219 conduc·

400 1279 590 1363 torumque
611 1274 711 1355 usui,
734 1274 837 1363 quasi
859 1292 941 1365 ager
960 1273 1179 1355 communis,
1202 1281 1412 1346 servaretur.

449 1398 597 1470 Codices
617 1399 734 1471 adbuc
754 1399 916 1472 indicant
940 1419 1051 1492 genus
1077 1399 1260 1490 quoddam
1287 1400 1465 1491 peculiare

400 1524 675 1615 emphyteuseos
702 1523 799 1613 quod
824 1523 1048 1595 vocatorias
1072 1522 1257 1615 privatum
1282 1522 1377 1594 solvo
1399 1545 1461 1595 ca·

398 1669 501 1719 none.
526 1650 590 1720 Per
615 1649 711 1720 bunc
736 1656 955 1721 contractum
980 1649 1182 1722 alienantur
1201 1669 1222 1720 a
1241 1649 1463 1741 principibus

399 1772 502 1845 tundi
525 1797 543 1838 u
567 1772 679 1864 empti
690 1773 838 1866 priooto
856 1772 936 1843 turc
954 1774 1050 1843 soloe
1069 1795 1216 1855 canone,
1237 1800 1253 1837 o
1275 1775 1327 1846 vel
1348 1773 1398 1843 ad
1411 1773 1465 1844 ius

395 1897 579 1991 privatum
600 1899 783 1983 translati,
803 1900 853 1972 ita
875 1906 912 1971 ut
929 1899 975 1971 ad
994 1920 1124 1972 novum
1145 1918 1387 1991 possessorem
1407 1901 1463 1973 in·

400 2031 536 2115 tegrum
557 2025 607 2095 rei
629 2031 785 2097 transeat
805 2024 1006 2097 dominium
1025 2033 1059 2098 et
1075 2028 1285 2116 pensionem
1305 2044 1462 2098 annuam

399 2148 469 2220 sibi
503 2149 615 2220 solam
646 2148 753 2221 liscus
787 2158 942 2221 reservet
972 2148 1018 2244 (l)
1049 2157 1083 2221 et
1115 2150 1373 2241 praestationes
1404 2170 1463 2223 ex-

399 2274 655 2346 traordinarias
675 2274 721 2346 ad
741 2281 941 2365 temporum
962 2276 1192 2348 necessitates
1208 2274 1268 2368 (t).
1287 2276 1463 2362 Quemad-

399 2399 544 2472 modum
566 2406 767 2472 contractus
783 2400 843 2472 ille
858 2400 904 2472 ab
923 2401 1147 2492 emphyteusi
1165 2400 1317 2483 diderat,
1336 2420 1463 2491 parum

400 2524 525 2614 liquet.
548 2525 639 2596 Sunt
668 2525 730 2616 qui
758 2526 795 2596 in
822 2527 889 2597 bac
915 2524 1119 2597 venditione
1144 2525 1354 2616 pensionem
1383 2544 1463 2598 esse

399 2650 476 2721 loco
496 2650 601 2739 pretii
620 2657 748 2741 putent
771 2649 817 2744 (3)
844 2650 973 2741 :quod
999 2670 1125 2741 parum
1152 2650 1337 2741 probabile
1363 2650 1462 2723 vide-

401 2779 477 2855 tur;
495 2775 615 2865 potius
634 2774 844 2848 crediderim
866 2776 951 2847 binc
969 2778 1122 2867 pretium
1144 2776 1360 2849 venditionis
1382 2796 1463 2849 vere

400 2897 486 2970 fisco
507 2901 615 2982 solui,
638 2900 738 2972 illinc
755 2909 873 2973 autem
899 2919 1090 2981 canonem,
1113 2901 1176 2973 sed
1196 2920 1304 2991 quam
1324 2901 1462 2973 levissi-

429 3215 463 3280 (1)
478 3215 508 3266 G.
524 3216 603 3275 lust,
621 3216 667 3275 xl,
684 3217 721 3279 59,
738 3217 755 3265 l.
772 3216 786 3266 2
802 3232 808 3265 ε
827 3233 839 3263 o
859 3217 1048 3266 Patrimoniali
1070 3230 1231 3279 possessore
1254 3218 1354 3281 privati
1375 3217 1463 3277 iuris;

398 3332 429 3342 -
442 3307 460 3355 l.
476 3307 509 3355 9:
526 3322 538 3351 u
555 3306 609 3364 Qui
625 3305 725 3355 fundos
741 3307 947 3369 patrimoniales
962 3307 1022 3355 iure
1035 3307 1143 3369 privato
1155 3309 1232 3355 salvo
1247 3296 1352 3356 canona
1365 3320 1462 3356 susce-

398 3399 514 3459 perunt;
536 3412 548 3442 o
568 3421 600 3431 -
613 3396 630 3444 l.
654 3397 669 3445 7
690 3410 696 3445 :
717 3413 729 3443 u
750 3396 924 3459 Quicumque
946 3396 1083 3445 delectum
1104 3396 1220 3445 fundum
1241 3396 1462 3459 patrimonialem

398 3485 581 3535 exercuerit...
605 3486 681 3535 salvo
701 3486 886 3548 patrimoniali
907 3498 1030 3547 canona,
1054 3489 1189 3548 perpetuo
1212 3500 1244 3534 ec
1266 3486 1374 3548 privato
1399 3485 1462 3534 iure

398 3574 527 3623 defendat
542 3576 618 3623 volut
631 3574 812 3623 domesticum
828 3580 855 3624 et
870 3576 943 3625 avita
958 3575 1135 3625 successione
1148 3575 1313 3637 quaesitum.
1327 3591 1339 3621 u
1355 3574 1402 3635 xl,
1421 3574 1460 3636 6‘2,

397 3665 415 3716 l.
431 3664 467 3714 9:
484 3680 496 3710 «
515 3665 639 3714 universi
660 3669 828 3727 cognoscant
844 3665 914 3713 nihil
934 3665 1042 3727 privato
1065 3664 1125 3713 iure
1145 3666 1220 3714 salvo
1244 3678 1349 3714 canone
1367 3664 1461 3713 fundis

398 3754 496 3816 emptis
513 3767 575 3802 cum
593 3754 832 3817 patrimonialibus
848 3768 909 3803 esse
924 3766 1086 3813 commune;
1104 3771 1116 3801 u
1132 3755 1150 3802 l.
1169 3754 1196 3803 13
1213 3767 1218 3801 ε
1236 3753 1339 3803 «Nulli
1358 3754 1413 3802 iam
1431 3754 1462 3802 in

398 3850 539 3909 posterum
553 3845 637 3894 licere
652 3845 837 3908 praecipimus
854 3844 1075 3907 patrimoniales,
1093 3858 1143 3892 seu
1157 3844 1331 3906 limitrophos
1346 3844 1390 3894 vel
1405 3844 1461 3892 sal-

397 3940 510 3985 tuenses
524 3936 640 3994 fundos,
654 3935 701 3997 qui
715 3948 765 3998 per
784 3938 903 3983 tractum
923 3935 1038 3983 orientis
1058 3934 1142 3997 positi
1162 3937 1240 3993 sunt,
1256 3933 1290 3982 ed
1311 3934 1354 3982 ius
1369 3937 1461 3983 trans-

397 4027 468 4075 ferre
485 4027 631 4089 privatum,
642 4026 701 4075 sive
717 4024 837 4088 dempto,
854 4025 913 4075 sive
929 4026 1005 4074 salvo
1024 4038 1130 4073 canona
1143 4023 1292 4072 fundorum
1305 4024 1461 4072 immutatio

399 4116 563 4178 postuletur.
579 4129 591 4161 o
608 4113 638 4165 G.
655 4114 704 4163 Th.
720 4113 754 4173 V,
773 4113 809 4172 ¹3,
827 4114 866 4163 38.
882 4114 953 4164 Nov.
969 4113 1104 4174 Martiam„
1120 4112 1142 4164 3.

429 4205 462 4270 (2)
477 4205 508 4256 G.
525 4204 584 4267 Tu„
599 4203 646 4263 XI,
658 4204 698 4267 to,
714 4206 736 4254 5.

429 4294 462 4360 (3)
480 4293 645 4354 Garsonnet‚
659 4294 677 4343 l.
691 4307 726 4357 c.,
742 4308 769 4359 p.
787 4292 840 4343 ¹49,
