3450 5234
863 584 1041 646 -lla-

420 721 536 780 tionem
569 727 752 799 perpetuam
769 740 778 795 3
807 719 982 800 meliusque
1010 721 1091 781 hano
1123 720 1222 801 legem
1254 721 1481 795 intellexisset,

419 846 491 886 oum
516 827 574 885 alia
598 825 664 906 lege
687 828 828 886 eiusdem
849 828 923 886 anni
940 826 985 907 (l)
1001 836 1231 907 comparatam,
1250 828 1304 889 ubi
1326 831 1428 909 agitur
1446 829 1485 889 de

421 932 587 1008 aedificiis,
606 934 706 993 hortis
719 942 815 1013 atque
829 936 912 994 areis
929 934 1063 1013 aliisque
1081 934 1262 995 huiusmodi
1281 938 1486 1015 possessioni-

422 1040 481 1101 bus
503 1059 583 1119 quas
607 1041 759 1101 haetenus
780 1040 820 1102 ad
843 1049 968 1121 tempus
992 1040 1108 1103 locatas
1129 1044 1302 1120 imperator
1323 1061 1406 1103 nuno
1424 1044 1487 1103 iuri

420 1138 623 1227 perpetuario
641 1148 755 1207 subiioi
772 1148 870 1209 iubet.

460 1257 491 1315 3⁰
512 1257 620 1333 Neque
637 1259 735 1334 magis
750 1257 877 1315 ineunte
894 1264 1016 1316 tanturn
1033 1257 1142 1335 quinto
1160 1258 1265 1317 seeulo
1281 1258 1394 1317 iterum
1411 1275 1484 1337 spo-

421 1360 510 1421 liatas
523 1380 594 1427 esse
609 1363 753 1421 civitates
768 1364 880 1441 opinor
893 1383 899 1437 3
919 1364 996 1437 imo,
1016 1364 1120 1423 statim
1139 1371 1210 1443 post
1224 1364 1334 1425 Iuliani
1353 1372 1484 1424 mortem

420 1470 594 1528 amiserunt
619 1468 771 1548 quioquid
792 1471 1074 1548 ¹recuperavissent
1096 1469 1158 1550 (7),
1181 1489 1361 1550 quanquam
1388 1470 1484 1531 multa

421 1577 549 1656 vestigia
575 1577 692 1636 veteris
712 1576 854 1636 fortunae
878 1576 1038 1655 usquead
1061 1578 1183 1657 imperii
1206 1596 1350 1639 oceasum
1373 1595 1485 1657 super-

420 1682 548 1770 luerunt
576 1690 608 1743 et
637 1682 741 1743 adhue
770 1682 1008 1743 Valentinianus
1035 1685 1147 1743 tertius
1179 1691 1264 1744 vetat
1291 1702 1330 1744 ne
1355 1682 1484 1763 praedia

421 1790 547 1870 publiea
563 1792 726 1851 civitatum
743 1789 873 1869 dempto
890 1808 1011 1851 canone
1026 1790 1243 1852 distrahantur
1255 1790 1313 1872 (3).

462 1897 589 1958 Fundos
605 1899 702 1977 igitur
719 1900 773 1977 qui
791 1898 932 1957 ecelesiis
950 1916 989 1957 ex
1007 1898 1170 1958 civitatum
1189 1898 1311 1959 fortuna
1330 1917 1484 1978 provene-

422 2014 510 2079 runt,
528 2006 570 2065 ab
593 2006 682 2065 initio
705 2006 880 2066 seeundum
906 2030 917 2057 ι
940 2005 989 2065 ius
1013 2005 1046 2066 in
1067 2022 1142 2085 apro
1163 2004 1330 2085 necapoli·
1354 2013 1484 2066 tractata

420 2132 489 2172 esse
511 2121 651 2186 constat,
669 2112 754 2191 quod
776 2112 970 2173 simillimum
996 2112 1089 2172 luisse
1111 2113 1171 2172 iuri
1191 2114 1391 2191 perpetuario
1414 2113 1483 2172 iun-

422 2220 534 2279 dorum
558 2220 710 2280 fiscalium
732 2218 1022 2279 demonstravimus
1034 2240 1047 2293 ;¹
1062 2237 1123 2279 non
1148 2221 1261 2281 mirum
1284 2227 1331 2280 est
1350 2218 1435 2299 quod
1452 2220 1484 2278 in

420 2328 536 2386 nostris
562 2326 705 2386 formulis
735 2325 946 2386 conductores
974 2324 1082 2385 eadem
1113 2328 1180 2385 iura
1211 2333 1378 2386 exerceant
1403 2343 1484 2405 quae

419 2432 492 2492 olim
518 2432 727 2493 conductores
755 2432 876 2493 fiscales
905 2424 1181 2512 emph‘yteutiearii
1210 2434 1426 2494 exercuissent
1453 2438 1485 2491 et

420 2540 483 2599 iere
503 2541 659 2619 integrum
681 2538 882 2619 praediorum
904 2538 1087 2619 possideant
1106 2540 1291 2601 dominium.
1309 2542 1373 2600 Imo
1390 2557 1482 2613 vero,

419 2645 504 2726 quod
520 2649 664 2707 Bruuner
678 2655 709 2705 et
725 2647 864 2725 Lohning
881 2646 987 2720 latuit,
1002 2664 1063 2706 non
1082 2646 1182 2707 solum
1199 2666 1238 2707 ex
1254 2645 1391 2727 praediis
1406 2646 1483 2706 eivi-

420 2760 536 2826 tatum,
552 2751 716 2813 sedetiam
733 2771 771 2812 ex
787 2754 998 2831 imperatoriis
1014 2752 1119 2814 lundis
1135 2753 1284 2814 eeclesiae
1300 2752 1484 2813 donationes

419 2867 610 2941 aeceperunt
627 2858 669 2939 (t)
682 2860 722 2919 ita
740 2867 775 2919 ut
789 2860 838 2920 ius
853 2862 1089 2939 perpetuarium
1106 2860 1146 2920 ad
1161 2860 1309 2921 ecelesias
1326 2859 1484 2919 transierit

419 2976 451 3028 et
467 2967 616 3028 formulae
632 2976 757 3028 nostrae
773 2967 858 3027 illius
876 2969 1005 3046 vestigia
1022 2970 1203 3028 etiamnunc
1218 2967 1400 3047 praebeant.

459 3076 605 3135 Formula
622 3083 727 3135 autem
748 3075 797 3134 illa
814 3073 871 3155 (5),
891 3074 944 3134 ubi
967 3074 1006 3135 de
1030 3076 1096 3135 viro
1119 3074 1249 3149 illustri,
1270 3093 1342 3134 vero
1360 3072 1482 3154 praedii

419 3182 556 3253 domino,
576 3184 691 3263 agitur,
708 3181 794 3262 quod
809 3183 870 3242 iam
883 3182 1129 3257 oonieoeramus‚
1141 3182 1315 3256 confirmat,
1332 3182 1382 3241 ius
1399 3180 1483 3241 soili-

419 3284 472 3351 oet
495 3292 732 3371 perpetuarium
763 3290 856 3349 etiam
887 3290 919 3349 in
945 3289 1142 3368 privatorum
1168 3286 1274 3348 lundis
1298 3304 1366 3348 esse
1392 3284 1482 3347 adhi-

419 3398 533 3459 bitum.

449 3650 482 3717 (l)
498 3650 529 3708 0.
545 3649 605 3716 Tin,
621 3647 654 3712 X,
671 3647 694 3715 l,
714 3652 738 3703 5.
920 3698 924 3707 .

450 3743 483 3807 (7)
498 3742 528 3793 C.
545 3742 605 3804 Tu„
623 3742 661 3802 V,
681 3739 722 3803 ll,
739 3741 753 3791 3
767 3737 849 3804 (364);
866 3736 899 3803 X,
917 3736 943 3803 1,
960 3740 974 3789 8
989 3735 1071 3803 (364);
1088 3734 1135 3801 IV,
1150 3736 1178 3800 2,
1194 3735 1209 3787 7
1225 3735 1298 3801 (375).
1313 3762 1345 3772 ·-
1357 3732 1388 3786 Ο.
1404 3734 1484 3797 lust,

419 3831 466 3897 XI,
483 3834 521 3892 59,
536 3833 550 3882 6
565 3830 628 3896 (383)
637 3844 644 3891 ;
660 3830 707 3890 XI,
721 3830 759 3893 62,
776 3831 790 3879 7
803 3830 886 3893 (386),
903 3830 950 3891 ΧΙ,
967 3830 1005 3890 71,
1021 3828 1036 3878 2
1051 3828 1191 3891 (382-38l);
1207 3827 1269 3888 Vll,
1283 3826 1321 3889 38,
1337 3824 1434 3888 mast).
1459 3887 1463 3893 .

450 3922 482 3986 (3)
497 3920 527 3972 0,
544 3922 623 3981 lust,
639 3919 686 3982 XI,
703 3919 742 3982 70,
758 3921 773 3969 5
789 3922 816 3968 et
829 3918 851 3968 6.
867 3946 898 3955 -
913 3919 983 3968 Nov.
1000 3916 1136 3975 Martiam,
1153 3916 1201 3965 111.

398 4061 403 4071 ,
450 4011 485 4074 (l)
499 4012 559 4061 Hoe
573 4010 822 4075 demonstravimus
837 4009 867 4057 in
883 4008 973 4071 eapite
989 4006 1023 4055 de
1038 4004 1212 4055 Constantini
1231 4002 1436 4051 donationibus.
1453 4026 1484 4037 -

420 4102 462 4154 Gi.
478 4102 509 4153 G.
525 4102 603 4162 lust,
617 4101 679 4161 Vll,
695 4101 734 4161 37,
750 4099 773 4159 3,
790 4100 802 4162 l
819 4100 841 4149 3.
854 4125 886 4134 -
902 4096 960 4147 Sub
975 4094 1162 4152 Theodorioo,
1177 4093 1242 4142 vide
1257 4097 1331 4151 Ver„
1347 4091 1395 4153 IV,
1410 4090 1449 4141 20.

452 4192 487 4256 (5)
501 4192 535 4253 A,
551 4192 590 4241 ar.
