3450 5234
702 621 739 630 -
763 585 796 645 41
821 619 860 629 -

303 730 336 797 5⁰
363 724 512 796 Basilica
545 725 755 796 Sessoriana
788 722 1052 813 possessionem
1084 722 1243 811 Sponsas
1275 719 1318 808 in

253 852 309 923 via
326 851 501 921 Labicana
518 849 729 939 diversaque
750 847 895 939 praedia
915 847 982 918 sul)
1003 846 1206 917 ciuitatibus
1225 847 1314 916 Lau·

254 983 367 1055 rento,
389 976 533 1065 Nepete,
557 975 693 1044 Falisca
712 980 746 1044 et
766 972 916 1044 ludere.

304 1103 338 1170 6⁰
365 1099 515 1171 Basilica
553 1106 695 1170 sanctae
721 1099 841 1189 lignee
869 1116 1014 1188 magnas
1044 1096 1211 1188 figulinas
1238 1096 1315 1166 viae

254 1224 422 1304 Salariae,
442 1242 533 1314 quae
551 1223 597 1294 ad
615 1222 760 1293 modurn
782 1222 883 1294 urbis
904 1227 1130 1294 exercuerant
1148 1227 1182 1292 ct
1200 1221 1315 1291 varias

255 1327 516 1440 possessiones,

305 1477 340 1544 70
367 1475 516 1546 Basilica
535 1475 715 1547 Laurentii
736 1475 829 1547 inter
847 1475 936 1546 alias
953 1475 1201 1564 possessiones
1219 1489 1317 1562 prae-

256 1598 315 1672 dia
335 1599 487 1670 leruiuae
507 1600 706 1681 cuiusdam,
724 1618 815 1690 quae
831 1599 939 1670 fiscus
955 1598 1214 1690 persecutionis
1229 1606 1316 1668 tern-

256 1742 340 1814 pore
360 1730 589 1813 occupaverat
613 1747 620 1793 :
641 1723 727 1795 haec
747 1723 854 1814 igitur
874 1723 1055 1813 possessio
1075 1722 1207 1794 fiscalis
1228 1728 1314 1792 erat.

305 1849 341 1917 80
368 1847 518 1918 Basilica
534 1847 717 1918 beatorum
737 1849 829 1920 Petri
850 1854 884 1919 et
895 1848 1103 1926 Marcellini,
1119 1847 1212 1918 inter
1231 1845 1315 1925 alia,

256 1971 407 2042 tundunt
430 1973 645 2042 Laurentum
668 1970 874 2061 quemdam,
893 1971 955 2060 qui
968 1971 1147 2062 Augustae
1163 1971 1318 2041 Helenae

257 2104 332 2168 erat
347 2106 381 2168 et
400 2098 497 2168 varia
513 2096 658 2187 praedia
676 2099 712 2167 in
734 2097 863 2168 insulis
881 2097 1059 2176 Sardinia,
1078 2097 1228 2177 Miseno,
1248 2096 1319 2166 Ma·

257 2221 418 2311 tidiaque
435 2220 524 2314 (aut,
543 2223 613 2293 alio
634 2224 792 2301 nomine,
814 2223 1058 2312 promontorio
1079 2216 1316 2312 Argentaria).

309 2348 344 2416 90
371 2347 521 2418 Basilica
558 2347 677 2418 Ostiae
704 2348 861 2418 insulam
898 2347 1007 2418 tluvio
1044 2349 1137 2418 inter
1175 2348 1319 2417 Portum

260 2470 468 2560 Ostiamque
488 2470 657 2543 effectam.

311 2595 368 2662 180
395 2594 545 2665 Basilica
561 2595 776 2666 Alhanousis
793 2595 864 2666 iere
884 2597 1005 2667 omnia
1025 2615 1117 2686 quac
1134 2595 1180 2666 ad
1201 2595 1319 2665 villaro

259 2715 500 2788 albanensem
533 2719 771 2808 pertinerent,
795 2721 909 2790 lacurn
930 2720 1056 2800 Turni,
1080 2719 1230 2790 fundunt
1250 2719 1323 2790 llo·

260 2841 329 2920 las,
354 2842 467 2918 lacum
489 2842 746 2925 albanensem,
766 2862 920 2915 massam
942 2846 1049 2923 lluoi,
1070 2845 1281 2933 dssertaquc
1301 2862 1322 2913 a

260 2965 399 3055 legione
429 2967 587 3057 parthica
616 2969 773 3040 secunda
799 2968 964 3038 roteneco
993 2967 1171 3062 (oanahas)
1197 2993 1206 3039 ι
1231 2986 1323 3057 quac

262 3088 383 3159 ornnia
403 3097 507 3162 antea
528 3090 604 3162 fisci
625 3091 736 3163 luisse
754 3099 862 3183 patet.

314 3216 371 3281 110
398 3214 549 3286 Basilica
570 3217 868 3288 Constantiniana
888 3217 1029 3307 Capuae
1047 3216 1206 3288 diversas
1226 3235 1322 3286 mas·

263 3354 320 3407 sas
341 3338 588 3428 possessiones
609 3341 645 3410 in
668 3342 854 3412 territoriis
871 3342 1122 3423 Minturnensi‚
1140 3341 1321 3421 Caietano,

264 3462 457 3542 Suessano,
479 3464 660 3555 Capuano.

314 3588 371 3656 lB⁰
399 3589 437 3657 B.
457 3589 689 3678 Neapolitana
709 3591 868 3664 diversas
888 3593 1149 3683 possessiones.

311 3711 490 3784 ludicatur
519 3714 624 3785 etiarn
656 3716 693 3784 in
722 3717 791 3787 vita
816 3717 975 3788 Silvestri
1009 3716 1118 3787 unius
1149 3716 1324 3806 cuiusque

263 3835 504 3926 possessionis
529 3836 683 3915 reditus,
706 3838 885 3911 interdurn
910 3841 1100 3922 minimus,
1123 3841 1173 3912 ita
1196 3849 1234 3913 ut
1257 3841 1323 3911 irn-

263 3966 465 4052 peratorum
502 3961 617 4042 hona,
647 3969 686 4035 ut
720 3970 754 4034 et
784 3966 1021 4054 privatorum,
1046 3985 1118 4037 non
1154 3967 1269 4038 solunt
1304 3987 1324 4040 c

264 4084 424 4175 maguis,
454 4086 518 4157 sed
540 4087 645 4158 etiarn
667 4106 686 4159 e
706 4089 862 4178 parvulis
882 4088 1003 4160 lundis
1024 4091 1227 4163 constitisse
1245 4092 1322 4164 iure

264 4209 509 4282 coniiciamus
532 4210 586 4282 Ad
606 4211 730 4283 fiscum
752 4214 885 4287 inultae
902 4214 1031 4285 domus
1046 4217 1152 4287 etiarn
1168 4187 1323 4306 pertine-¹

264 4334 351 4406 bant
372 4353 445 4406 nou
467 4336 598 4409 Romae
616 4344 776 4418 tantum,
798 4338 861 4410 sed
885 4339 922 4409 iu
942 4339 1023 4411 aliis
1044 4340 1259 4415 civitatibus.
