3450 5234
726 557 886 619 ,57-

325 699 352 771 Ι.
368 699 545 770 Habemus
557 697 759 788 exemplum
771 695 964 767 fundorum
977 693 1193 786 privatorum
1205 690 1337 782 quibus

277 823 490 896 insecundo
512 823 583 893 iam
604 822 722 894 seculo
746 819 1020 892 conductionem
1041 823 1246 910 perpetuam
1269 815 1335 886 aii·

278 949 421 1040 quando
461 947 660 1019 adhibitam
705 964 783 1018 esse
827 943 1025 1027 credimus,
1077 942 1240 1034 quamvis
1282 960 1337 1013 res

278 1073 498 1146 subobscura
541 1071 775 1163 amplioribus
814 1069 930 1142 adhuc
967 1076 1065 1160 egeat
1099 1065 1334 1139 documentis.

279 1199 442 1290 Legimus
465 1197 503 1267 in
525 1197 710 1268 Scaevolae
729 1195 925 1286 fragmento
944 1190 995 1286 (i)
1019 1218 1027 1263 :
1058 1191 1152 1262 ‹leoc
1175 1188 1340 1280 oeotipol'

278 1321 391 1413 feodo
412 1320 505 1392 dicto
528 1327 604 1390 erat
628 1327 667 1389 ot
688 1320 812 1414 sipost
835 1325 971 1392 certum
994 1317 1161 1410 temporis
1191 1315 1341 1407 vectipol

278 1446 428 1517 solutam
447 1467 518 1516 ooo
543 1451 648 1526 esset,
674 1447 702 1514 is
724 1443 858 1538 foedos
883 1443 934 1513 od
956 1441 1139 1512 domiuum
1164 1439 1292 1510 redeat.
1318 1467 1333 1503 ι

280 1573 332 1642 Ex
351 1571 457 1643 verbo
472 1569 633 1639 dominos
651 1569 778 1641 iterum
801 1569 967 1660 repetito,
990 1568 1033 1640 de
1049 1566 1183 1660 privato
1203 1583 1340 1658 posscs-

279 1712 381 1777 sore,
399 1712 473 1766 non
493 1695 536 1766 dc
555 1694 752 1784 municipio
772 1693 826 1784 agi
847 1699 997 1764 constat.

329 1819 425 1890 idem
449 1837 576 1891 sensus
609 1825 662 1890 est
690 1818 782 1890 alius
814 1818 1000 1890 Scaevolae
1029 1816 1244 1908 fragmenti,
1277 1814 1340 1887 ubi

279 1944 434 2036 primum
459 1943 609 2016 iundum
640 1944 830 2036 quemdam
854 1941 1018 2016 creditori
1048 1961 1069 2013 a
1096 1941 1221 2012 colono
1250 1939 1339 2011 chli-

281 2076 400 2161 gatum
421 2069 549 2149 fuisse,
579 2068 709 2140 deinde
733 2089 753 2139 a
780 2067 993 2143 condictore
1017 2067 1128 2139 saltus
1153 2067 1272 2149 iiiios,
1303 2066 1340 2135 iu

282 2211 353 2284 quo
374 2193 632 2275 contineretur,
655 2193 700 2264 ch
718 2192 838 2265 fiscale
858 2193 1039 2274 debitum,
1061 2192 1243 2263 venditum
1263 2208 1342 2262 esse

283 2318 434 2408 legimus
464 2315 528 2412 (i).
563 2319 740 2389 Acciono
766 2325 884 2389 autem
911 2317 1061 2388 iundum
1091 2315 1239 2407 obligari
1269 2333 1342 2386 nou

285 2442 446 2533 potuisse
466 2448 578 2532 patet,
600 2443 670 2513 nisi
691 2443 938 2534 perpetuarius
958 2442 1095 2514 iuissct.

336 2568 410 2638 lmo
432 2567 605 2638 habemus
627 2567 796 2639 Gordiani
820 2568 1130 2649 constitutionem,
1149 2568 1206 2639 his
1226 2567 1343 2639 verbis

285 2692 516 2782 conspicuam
536 2716 544 2761 :
573 2718 588 2754 c
608 2691 680 2761 sive
693 2698 871 2785 perpetuo
889 2690 1073 2764 conductio
1090 2697 1150 2770 cst,
1171 2689 1345 2762 etiamad

283 2815 429 2888 heredes
457 2815 732 2901 redormitione,
765 2835 898 2908 »quae
923 2816 969 2888 ad
997 2817 1168 2908 privatam
1192 2815 1345 2888 conduc·

284 2943 418 3015 tionem
437 2941 569 3013 debent
589 2940 709 3013 reierri
733 2938 744 3035 (
770 2939 798 3034 ).
853 2923 857 2933 ’

336 3066 517 3157 Originem
535 3085 616 3138 vero
631 3067 740 3138 huius
758 3065 1008 3139 conductionis
1022 3065 1120 3138 haud
1133 3065 1234 3138 iaciie
1252 3082 1346 3157 pers·

282 3191 394 3283 picias
412 3209 527 3282 neque
546 3199 695 3283 apparet
710 3191 1012 3283 quemadmodum
1034 3210 1077 3264 eu
1097 3191 1175 3263 iure
1194 3191 1345 3264 munici-

283 3315 356 3407 pali
384 3315 429 3386 ad
454 3316 509 3386 ius
537 3316 712 3406 privatum
734 3317 906 3389 translata
925 3315 1042 3388 inerit.
1074 3317 1236 3389 Attamen
1261 3317 1346 3387 hinc

285 3457 452 3532 agrorum
474 3439 744 3531 municipalium
763 3441 1034 3512 conductionem
1053 3443 1214 3532 exemplo
1235 3441 1346 3515 fuisse

319 3691 439 3755 (1)Dig.,
456 3691 515 3752 XX,
534 3691 555 3754 1,
572 3693 610 3742 31.

317 3780 349 3844 (2)
364 3781 437 3844 Dig„
453 3781 526 3841 XIX,
544 3781 570 3842 1,
589 3783 638 3832 52:
657 3797 669 3829 o
686 3782 813 3834 Creditor
828 3784 944 3832 fundum
959 3785 1011 3833 sibi
1027 3786 1178 3848 obligatum
1192 3788 1271 3836 cuius
1287 3789 1346 3836 chi-

286 3871 422 3934 rographa
442 3871 608 3920 tributorum
629 3887 644 3920 a
666 3873 791 3922 debitore
811 3877 885 3921 reiro
907 3875 1059 3923 solutorum
1079 3876 1152 3938 apud
1172 3891 1201 3926 se
1221 3877 1347 3939 deposita

286 3959 419 4018 habebat,
435 3960 560 4009 vendidit
576 3960 682 4010 Maeuio
699 3975 732 4010 ea
749 3963 809 4024 lege
824 3967 855 4010 ut
870 3963 893 4011 si
909 3964 975 4025 quid
990 3965 1156 4013 tributorum
1171 3968 1281 4014 nornine
1297 3966 1345 4015 de-

286 4049 374 4097 bitum
389 4053 474 4110 esset,
489 4053 595 4112 emptor
610 4051 728 4100 solveret
745 4065 750 4099 :
768 4051 841 4099 idem
855 4052 958 4101 fundus
973 4055 1008 4101 ob
1024 4067 1135 4102 causam
1147 4069 1242 4103 eorum
1256 4055 1345 4103 tribu-

287 4140 387 4197 torum,
403 4151 473 4200 quac
488 4137 542 4186 iarn
558 4139 648 4187 soluta
662 4144 748 4202 erant,
764 4155 780 4188 a
795 4144 965 4190 conductore
978 4145 1076 4203 saltus,
1090 4143 1187 4205 inquo
1201 4143 1274 4193 idem
1286 4145 1346 4197 fun-

173 4216 176 4223 '
288 4226 340 4276 dus
353 4232 403 4287 est,
418 4227 551 4280 venit...»

319 4315 352 4379 (a)
367 4315 397 4368 c.
414 4316 491 4381 rusa,
503 4317 550 4377 rv,
564 4317 602 4378 ca,
619 4317 655 4369 ro.
