3450 5234
744 470 930 563 -ou-‘

288 637 491 710 conditione
523 639 597 730 agri
630 638 764 730 publici
797 638 985 721 nonnulli,
1018 637 1280 729 imperantibus
1309 638 1348 709 in

215 855 219 864 „
288 762 388 835 113113
403 763 640 854 Ostrogothis,
659 763 783 836 elocati
800 763 914 836 tuisse
928 763 1080 836 urbibus
1096 763 1262 835 videntur
1280 760 1345 857 (l);

288 904 404 977 neque
426 887 537 957 alium
565 905 644 959 esse
669 905 814 960 sensum
840 887 939 960 illius
959 887 1235 960 obscurissimae
1254 888 1348 979 epis·

288 1012 379 1084 tolae
398 1012 538 1083 Sidonii
558 1014 755 1104 putaverim
779 1013 842 1085 ubi
867 1014 983 1105 agitur
1006 1013 1050 1085 de
1075 1013 1231 1104 praediis
1257 1031 1348 1103 quae

287 1156 307 1207 a
334 1155 412 1228 rege
435 1137 700 1229 visigothorum
727 1138 919 1210 confiscata
947 1144 981 1210 et
1007 1137 1087 1211 ideo
1114 1137 1200 1209 fisco
1231 1140 1347 1209 incor-

287 1267 409 1351 porate
427 1268 548 1334 essent
571 1259 636 1356 (h).
665 1260 866 1333 «Necdum
888 1261 982 1332 euim
999 1268 1203 1355 quicquam,
1226 1263 1349 1334 scribit

287 1384 470 1469 Sidonius,
490 1385 534 1455 de
550 1385 767 1456 haereditate
793 1384 948 1457 socruali
965 1386 1021 1455 oet
1038 1384 1076 1454 io
1095 1408 1199 1456 osum
1218 1384 1345 1455 tertiae

285 1510 345 1579 suh
367 1509 483 1601 pretio
509 1511 706 1582 medietatis
731 1510 874 1580 obtinui.
899 1540 913 1577 r
945 1511 1038 1599 Quid
1063 1510 1161 1583 aliud
1182 1530 1289 1601 quam
1310 1528 1349 1582 se

285 1635 431 1726 petiisse
465 1635 588 1708 scribit
621 1645 681 1719 ut,
713 1637 832 1709 oblata
864 1636 970 1709 etiam
1001 1637 1105 1727 pretii
1135 1635 1344 1717 medietate,

284 1761 440 1852 praediis
464 1762 540 1834 suis
560 1764 663 1853 quasi
684 1762 1012 1855 emphyteuticariis
1030 1763 1206 1835 frueretur
1230 1769 1264 1833 et
1283 1780 1346 1852 pro

285 1902 419 1957 canone
438 1886 578 1957 tertiam
601 1886 780 1958 fructuum
804 1893 941 1978 partem
963 1884 1138 1958 solveret‘.l
1158 1888 1207 1956 Ea
1228 1892 1345 1957 tamen

284 2011 399 2083 solum
419 2003 621 2102 probabilia
640 2029 720 2083 esse
739 2011 926 2083 confiteor.

332 2136 666 2227 Emphyteuticarii‚
692 2135 788 2208 adito
816 2137 956 2209 comitis
984 2155 1101 2209 rerum
1127 2135 1344 2227 privatarum

283 2258 411 2339 officio.
435 2260 580 2333 modum
601 2262 689 2352 agri,
706 2279 813 2351 quem
835 2261 1042 2341 sollicitant,
1060 2280 1123 2352 per
1141 2258 1300 2330 «libellos
1323 2286 1341 2328 »

283 2385 442 2458 indicant
460 2382 524 2479 (5),
543 2385 638 2458 unde
657 2386 763 2458 etiam
784 2386 1028 2477 emphyteusis
1046 2386 1243 2458 libellarius
1261 2386 1344 2458 titu-

282 2510 339 2581 lus
365 2516 508 2582 vocatur
535 2507 582 2604 (l)
611 2535 619 2581 :
647 2529 690 2582 ex
720 2512 787 2582 hoc
816 2511 961 2587 nomine
990 2511 1163 2602 originem
1197 2512 1344 2583 trahunt

282 2636 387 2707 verba
424 2636 512 2707 haec
542 2659 551 2706 ε
582 2634 733 2719 tioetlos,
765 2634 899 2718 tinello,
932 2642 1055 2726 postea
1089 2636 1127 2706 in
1160 2637 1262 2708 ltalia
1298 2636 1344 2707 ad

281 2760 537 2851 cuiuscumque
551 2761 691 2853 generis
707 2762 980 2834 conductionem
999 2769 1207 2852 perpetuam
1227 2769 1343 2834 trans·

281 2888 363 2959 lata.
386 2889 458 2959 1166
480 2894 599 2959 autem
619 2887 664 2959 ab
684 2860 1011 2979 emphyteuticariis
1032 2887 1184 2978 exigitur
1205 2894 1242 2958 ut
1262 2887 1342 2957 lun-

280 3011 345 3083 dos
364 3012 569 3102 patrimonii
590 3012 646 3084 sui
666 3012 830 3085 cautione
847 3012 978 3084 idonea
1001 3012 1160 3103 obligent
1181 3012 1233 3083 vel
1253 3011 1342 3084 lide·

279 3138 437 3209 iussores
457 3137 606 3211 idoneos
625 3144 807 3229 praestent
822 3134 877 3232 (b)
895 3162 903 3207 :
922 3136 1020 3228 quod
1036 3136 1128 3207 nihil
1145 3135 1244 3207 aliud
1263 3153 1341 3208 6336
1436 3128 1446 3147 '

278 3281 320 3335 36
339 3269 490 3335 veterem
509 3260 807 3353 subsipootiohem
824 3261 1052 3353 praediorum
1073 3267 1232 3352 apparet.

328 3388 424 3460 lnter
456 3386 792 3479 emphyteuticarios
822 3386 984 3459 uidemus
1016 3386 1169 3478 primum
1201 3391 1340 3457 senato-

309 3662 342 3725 (l)
358 3662 429 3711 Vide
446 3663 545 3712 thesim
557 3666 680 3711 nostrum
698 3663 795 3726 gallice
810 3663 971 3725 inscriptam
987 3675 993 3712 :
1013 3666 1049 3710 Le
1066 3663 1146 3711 senat
1162 3662 1275 3709 romain
1291 3663 1339 3709 de-

277 3755 344 3812 poto
358 3754 520 3802 0166161166.

307 3843 340 3907 (l)
354 3843 461 3901 Sidon..
480 3858 521 3907 ep.
538 3844 617 3906 VIII,
636 3844 725 3906 9OEd.
743 3843 843 3906 Baret).
861 3870 893 3878 -
913 3843 1014 3905 Aperte
1033 3842 1203 3891 demonstrat
1222 3842 1339 3903 epistole

277 3948 431 3984 sermonem
446 3948 506 3984 6336
522 3934 556 3984 de
570 3934 691 3998 praediis
706 3935 740 3982 ab
752 3933 853 3983 Eurico
870 3933 1036 3983 confiscatis.

309 4022 342 4087 (3)
357 4022 387 4074 0.
404 4024 482 4086 lust,
499 4023 545 4084 XI,
559 4024 598 4086 66,
613 4024 636 4075 2.

308 4114 343 4179 (l)
357 4114 526 4178 Cassiodor,
545 4120 620 4175 Van,
635 4115 670 4175 V,
684 4116 700 4165 7
715 4117 872 4165 :libellario
889 4117 979 4165 tilulo.

235 4236 242 4251 .
309 4201 1208 4268 (6611311111,11,6;1,11,1;1,32,2.-0.1636.,Χ1,61,
1228 4203 1258 4260 7;
1281 4202 1336 4261 XI,

278 4296 317 4357 59,
330 4294 352 4346 3.
