3450 5234
705 567 863 630 ..61-

254 706 292 776 in
311 706 481 796 rescripto
497 706 708 779 Diocletiani
725 706 770 778 ad
785 726 920 779 aunum
942 711 1011 780 295
1030 710 1116 782 haec
1132 710 1281 801 legimus
1299 735 1308 782 :

259 856 274 894 ‹
291 830 400 900 ctiam
414 829 580 921 cectc‘pale
596 831 652 900 uel
659 830 916 922 patrimoniolo
924 833 997 903 sive
1006 832 1309 925 emphyteuticum

246 953 439 1047 praedium
457 955 532 1024 sl'ce
547 954 681 1025 decreto
694 955 874 1048 praesidis
888 956 1041 1028 distroire·
1058 980 1128 1027 nou
1141 957 1249 1052 licet(
1275 957 1305 1052 ).

252 1079 366 1151 Verba
388 1077 489 1148 «sice
506 1077 834 1171 emphyteuticum»
852 1086 892 1151 ut
908 1099 929 1151 a
944 1081 1161 1153 Triboniano
1177 1081 1311 1154 inserta

253 1203 471 1284 reiiciantus,
507 1205 669 1294 quamvis
699 1223 770 1276 non
805 1207 852 1277 sit
883 1205 1071 1278 mediocris
1098 1205 1196 1278 illius
1221 1206 1309 1279 iuris

252 1328 404 1400 consulti
438 1329 628 1401 auctoritas
654 1331 714 1420 qui
748 1331 818 1401 iarn
851 1331 918 1401 sub
954 1330 1067 1402 initiis
1101 1330 1309 1402 Diocletiani

250 1453 396 1543 praedia
425 1455 689 1545 patrimonialia
719 1455 923 1527 conditione
958 1455 1220 1546 emphyteutica
1255 1456 1309 1527 rel

249 1581 475 1669 perpetualia
499 1598 565 1651 usa
585 1599 662 1653 esse
687 1580 887 1670 putaverit:
914 1579 977 1652 sed
1006 1581 1072 1651 hoc
1096 1588 1230 1652 certum
1256 1589 1311 1653 est

250 1703 469 1776 Diocletiano
493 1705 638 1795 praedia
662 1705 844 1796 vectigalia
870 1705 1050 1777 civitatum
1078 1714 1113 1777 el
1139 1707 1309 1796 patrimo·

249 1830 360 1901 nialia
392 1830 616 1920 imperatoris
649 1830 780 1901 similia
814 1831 960 1902 videri:
998 1830 1047 1902 ita
1075 1837 1114 1902 ut
1146 1832 1309 1922 utrisque

249 1954 410 2026 eamdem
439 1954 552 2027 luisse
577 1955 838 2038 conditionem,
866 1973 995 2046 nempe
1023 1957 1308 2047 perpetuariam,

248 2079 326 2151 iure
341 2080 585 2152 coniiciamus

299 2207 354 2276 lv.
378 2206 524 2278 Constat
548 2205 655 2277 hodie
674 2223 781 2296 quam
805 2207 917 2277 multa
943 2205 1011 2277 sub
1031 2204 1306 2296 imperatoribus

248 2329 1306 2421 exAegyptoadorhemromanumadministraudumexem-

247 2454 308 2543 pla
338 2454 599 2544 profluxerint,
634 2454 730 2544 quod
760 2454 900 2545 antiqui
927 2461 1108 2535 auctores,
1144 2461 1181 2525 ut
1210 2455 1306 2525 Taci-

246 2586 305 2649 tus
325 2577 397 2670 (Ι),
420 2578 488 2648 iam
518 2586 723 2662 senserant,
752 2579 953 2668 exemplum
975 2579 1069 2650 enirn
1091 2577 1251 2669 Aegypti,
1274 2578 1305 2649 si

247 2703 364 2774 Tacito
382 2702 612 2782 credendum,
634 2703 804 2774 Claudius
823 2703 990 2774 retulerat
1008 2720 1118 2793 quum
1138 2721 1159 2773 a
1178 2709 1306 2774 senatu

246 2827 535 2917 procuratoribus
555 2829 631 2899 suis
650 2827 954 2907 iurisdictionem,
982 2829 1152 2899 haetenus
1178 2829 1306 2920 magis·

246 2954 398 3026 tratiltus
418 2954 578 3044 antiquis
598 2960 828 3034 reservatam,
851 2959 999 3043 peteret.

296 3080 404 3150 llulta
423 3085 540 3150 autem
562 3086 596 3151 et
613 3078 843 3171 gravissima,
872 3077 916 3150 de
940 3077 1131 3150 fundorum
1151 3078 1306 3171 impera-

246 3207 416 3278 toriorum
444 3205 777 3286 administratione,
804 3206 842 3274 in
862 3204 976 3276 edicto
1002 3204 1131 3275 Tiberii
1154 3204 1304 3276 Alexan-

247 3332 302 3404 dri
326 3328 371 3425 (3)
391 3332 588 3422 reperimus
611 3356 619 3402 :
644 3332 735 3402 inter
760 3331 831 3401 alia
856 3348 934 3400 mos
959 3329 1138 3419 pessimus
1164 3331 1304 3420 suppri-

248 3457 374 3536 mitur,
397 3455 458 3546 qui
478 3456 676 3526 invaluerat
700 3462 739 3525 ut
766 3454 938 3526 fiscalium
965 3452 1156 3523 lundorum
1177 3452 1303 3524 locatio

251 3578 417 3674 (μιοθώσεις
436 3577 586 3673 coalescet)
610 3581 715 3650 etiam
732 3580 852 3650 invitis
872 3578 1010 3649 colonis
1030 3578 1272 3668 imponeretur
1292 3603 1301 3649 ε

246 3706 341 3778 unde
363 3724 530 3796 magnum
557 3705 643 3777 fisco
662 3705 881 3795 privatisque
905 3704 1157 3775 detrimentum
1177 3722 1302 3794 prove-

246 3831 378 3903 niebat.
418 3831 487 3902 Alii
525 3839 705 3922 praeterea
741 3830 861 3921 generi
903 3829 1097 3902 erectionis
1139 3828 1302 3900 Tiberius

275 4077 307 4140 (l)
326 4076 356 4131 Ο.
375 4078 453 4140 lust,
466 4079 500 4138 V,
513 4079 552 4141 71,
571 4078 606 4128 13.

275 4167 307 4230 (2)
322 4167 419 4226 Tacit,
435 4173 520 4226 Aren„
537 4167 597 4227 XII,
611 4167 648 4217 60.

275 4256 308 4319 (3)
324 4260 350 4307 c.
364 4261 385 4305 l.
400 4260 455 4316 Gr„
469 4257 517 4316 111,
529 4256 597 4306 4957.
611 4255 682 4304 Vide
693 4255 950 4304 commentationem
960 4252 1093 4304 Rudorffii
1106 4255 1141 4303 de
1153 4252 1205 4303 hoe
1217 4252 1298 4304 titulo

243 4346 434 4410 (Rheinisches
447 4351 586 4405 Muscam,
601 4344 635 4407 ΙΙ,
650 4344 726 4406 1828).
