3450 5234
846 566 1005 630 ..64-

395 712 505 777 torem
537 705 770 777 Commodum
800 713 922 779 contra
953 707 1185 781 conductores
1211 707 1273 799 qui
1299 707 1452 781 consciis

394 829 720 921 adiuvantibusqua
736 833 1039 921 procuratoribus,
1061 834 1263 924 calcataque
1282 831 1453 905 Hadriani

394 955 482 1046 lege,
497 960 622 1046 portes
636 961 806 1046 caprarius
822 957 892 1028 sibi
909 956 1048 1030 debitas
1063 965 1124 1030 aut
1143 961 1338 1051 operarum
1354 957 1453 1050 iupo-

393 1102 529 1184 romae·
534 1079 789 1172 praebitionem
814 1082 859 1154 ad
878 1081 1020 1184 libitum
1041 1084 1222 1174 exigerent
1240 1089 1277 1155 et
1296 1081 1452 1174 amplius

395 1225 501 1298 quam
523 1225 585 1278 sex
611 1224 736 1296 operas
762 1206 882 1296 (binas
908 1209 1102 1291 aratorias,
1129 1208 1234 1281 binas
1260 1207 1450 1288 sartorius,

394 1331 499 1402 binas
521 1327 721 1423 messorias)
741 1309 985 1422 deposcerent.
1006 1332 1173 1410 Precibus
1186 1350 1308 1404 corum
1322 1331 1453 1403 favisse

396 1457 644 1548 imperatorem
664 1456 916 1546 comperimus.
938 1455 1244 1542 Quemadmodum
1272 1463 1391 1528 autem
1413 1474 1453 1528 se

325 1567 329 1576 ’
396 1582 553 1654 habeant
572 1581 688 1652 coloni
709 1599 790 1672 erga
812 1581 1062 1667 conductores,
1094 1600 1137 1654 err
1163 1600 1205 1654 co
1226 1580 1323 1672 qnod
1345 1599 1455 1672 supra

396 1705 553 1777 diximus
577 1705 677 1776 iacile
697 1713 853 1796 apparet.
876 1707 954 1777 Non
977 1707 1073 1778 onim
1092 1706 1228 1778 divisus
1248 1712 1302 1778 est
1320 1704 1453 1777 fundos

395 1830 432 1900 in
447 1829 638 1921 particulas
649 1829 767 1920 parvis
780 1831 917 1902 colonis
933 1832 1123 1903 attributas
1133 1832 1189 1910 ¹ita
1206 1838 1246 1903 ut
1261 1831 1454 1903 conductor

395 1955 528 2029 tributa
548 1954 754 2025 colonorum
773 1960 913 2026 tantum
933 1955 1107 2046 erigeret,
1130 1963 1170 2028 ut
1187 1963 1322 2028 veteres
1336 1953 1455 2046 publi-

395 2081 488 2161 cani,
510 2087 645 2171 partem
666 2078 751 2151 fisco
771 2081 949 2162 illaturus,
971 2087 1105 2171 partem
1127 2081 1197 2152 sibi
1216 2079 1270 2152 rel
1294 2078 1454 2152 societati

395 2211 612 2276 servaturus,
635 2203 705 2276 Sed
721 2204 765 2276 de
785 2204 896 2277 fundo
918 2205 1082 2277 universo
1102 2205 1193 2278 duae
1205 2211 1323 2297 partes
1342 2202 1454 2275 iactae

394 2336 498 2411 sunt,
511 2330 621 2401 altera
637 2348 728 2419 quac
741 2348 803 2420 per
812 2330 1005 2421 particulas
1014 2332 1151 2403 colonis
1163 2330 1449 2410 distribueretur,

392 2457 503 2527 altera
514 2474 585 2546 qua
600 2455 850 2536 relatamiiia‹
866 2456 976 2527 fiscali
994 2457 1046 2527 vel
1062 2474 1223 2547 amagnc
1239 2454 1453 2528 conductore

392 2581 578 2653 coleretur.
597 2578 661 2651 ilic
674 2597 755 2651 vero
767 2579 921 2651 etservis
932 2580 1008 2652 suis
1023 2580 1135 2651 utitur
1147 2587 1182 2653 et
1193 2579 1451 2670 praestationes

392 2704 566 2795 quasdam
596 2703 777 2774 accionis
803 2703 930 2776 ricinis
958 2704 1154 2776 secundum
1180 2705 1291 2796 legem
1325 2721 1452 2794 eapos-

392 2830 481 2901 tulat
512 2827 576 2922 (1).
613 2828 668 2900 An
693 2828 799 2900 etiam
834 2828 979 2900 colonos
1005 2847 1069 2919 pro
1099 2828 1335 2920 pensionibus
1364 2827 1450 2899 fisco
1492 2879 1499 2890 1

392 2953 523 3027 debitis
544 2953 731 3025 convenire
751 2952 899 3034 debeat,
928 2951 1134 3044 ignoramus
1162 2972 1227 3026 nec
1251 2952 1448 3044 quidquam

392 3079 566 3152 conticere
599 3078 703 3150 velim
736 3095 779 3149 ex
812 3077 1036 3169 Digestorum
1069 3078 1264 3169 fragmento
1290 3074 1355 3172 (2),
1386 3077 1450 3149 nbi

392 3204 502 3276 totius
540 3202 641 3275 tundi
685 3203 818 3274 tributa
856 3200 1062 3274 conductori
1105 3202 1241 3292 privato
1278 3199 1452 3292 erigenda

392 3328 617 3401 incumbunt.
641 3327 802 3400 Forsitan
818 3334 938 3398 tamen
958 3328 1026 3399 hae
1039 3330 1165 3418 portes
1180 3324 1356 3417 eproriuc
1374 3343 1452 3417 par·

394 3462 464 3526 tem
484 3455 660 3525 fructuum
680 3452 837 3525 debitam
857 3470 921 3544 pro
938 3470 1074 3524 canone
1088 3451 1290 3544 significant
1312 3448 1377 3545 (5);
1399 3451 1453 3527 sic

392 3579 431 3650 in
477 3579 731 3651 constitutione
772 3577 858 3649 anni
894 3579 963 3649 565
999 3575 1046 3671 (d)
1082 3578 1121 3650 in
1154 3597 1225 3668 qua
1257 3576 1452 3649 conductor

423 3899 456 3964 (t)
472 3899 569 3949 Melius
585 3900 634 3948 has
647 3899 846 3963 praestationes
860 3911 1089 3961 cognosceremus
1101 3898 1154 3946 nisi
1166 3898 1235 3946 adeo
1250 3897 1362 3947 mutilus
1377 3903 1451 3946 esset

392 3990 490 4039 titulus
504 3989 534 4037 in
547 3992 663 4050 prem.
685 3991 784 4049 θρῖον,
800 3987 834 4048 V,
850 3987 916 4038 465:
937 4004 949 4034 u
1007 3987 1048 4036 De
1063 3988 1200 4036 communi
1215 4001 1245 4036 re
1262 3987 1369 4037 modios
1384 4001 1450 4037 ocn-

391 4084 459 4140 tum,
475 4079 600 4142 singulos
613 4077 719 4126 modios
733 4082 903 4140 praestare...
920 4093 932 4123 o

423 4168 458 4232 (i)
473 4168 546 4232 θὶς,
562 4167 634 4228 ΧΙΧ,
652 4167 674 4227 1,
688 4167 726 4218 52.

423 4259 457 4322 (3)
472 4257 510 4308 Ut
524 4258 642 4306 coniecit
654 4256 747 4306 Fustol
763 4256 797 4305 dc
812 4255 977 4318 Coulanges,
991 4257 1009 4306 l.
1023 4271 1058 4315 c„
1074 4269 1108 4304 ex
1123 4255 1153 4308 G.
1170 4257 1248 4319 lust,
1264 4257 1315 4318 XI,
1329 4257 1367 4316 ta,
1383 4257 1406 4307 8.

424 4348 457 4412 (1)
472 4347 502 4398 d.
519 4346 578 4408 Tb,
595 4346 627 4406 V,
645 4346 686 4405 11,
702 4345 724 4396 4.
