3450 5234
779 617 917 679 ,9-

368 758 497 829 Eorum
531 774 611 827 vero
639 755 913 838 beneficiorum,
944 775 1035 847 quae
1065 777 1085 829 a
1114 776 1205 828 noro
1235 771 1379 847 quoque

320 880 493 973 principe,
507 882 640 952 ‘saltem
661 899 776 971 usque
796 881 840 953 ad
861 882 1097 974 Hadrianum,
1118 882 1232 954 edicto
1252 881 1380 954 conlir·

321 1013 464 1078 mantur
497 1003 568 1100 (1),
602 1008 792 1078 maximam
822 1016 959 1099 partem
985 1008 1030 1081 ad
1059 1009 1189 1080 lundos
1218 1008 1381 1100 publicos

320 1128 536 1221 pertinuisse
556 1137 689 1203 certum
710 1140 781 1212 est,
805 1132 879 1204 sive
898 1132 941 1205 de
968 1133 1128 1205 remissis
1151 1133 1381 1224 vectigalibus

322 1262 356 1327 et
386 1255 550 1342 solariiS,
589 1255 735 1328 sivede
763 1259 941 1329 concessis
974 1265 1035 1329 aut
1068 1258 1227 1331 retractis
1261 1257 1379 1329 subsi-

322 1379 406 1451 civis
431 1380 584 1469 aliisque
603 1387 717 1452 terrae
740 1383 966 1472 portionibus
986 1383 1102 1473 agitur
1127 1380 1191 1476 (2).
1218 1383 1382 1473 Legimus

323 1502 511 1575 Claudium
541 1504 610 1576 iuri
643 1525 708 1578 suo
741 1525 843 1598 agros
873 1514 907 1578 et
938 1507 1050 1578 saltus
1077 1507 1313 1578 vindicarisse
1339 1506 1383 1577 de

323 1646 475 1718 quorum
493 1629 722 1719 possessione
734 1631 990 1702 contenderent
1002 1631 1197 1702 Comenses
1212 1648 1290 1701 cum
1307 1632 1384 1701 Ber·

323 1753 433 1844 galeis
451 1760 485 1825 et
505 1773 577 1825 rem
599 1756 889 1845 procuratoribus
911 1757 986 1827 sois
1007 1755 1275 1847 disceptandam
1291 1736 1384 1827 com2

324 1879 466 1950 misisse
492 1876 559 1973 (5).
592 1879 645 1951 Ab
671 1881 793 1952 eodem
825 1881 985 1973 principe
1015 1882 1165 1954 missum
1196 1901 1275 1954 esse
1307 1881 1382 1952 dis·

324 2012 539 2095 captatorem
563 2025 726 2096 agrorum
753 2007 1011 2098 Cyrenensium
1036 2007 1274 2097 comperimus
1294 2025 1385 2096 quos

325 2131 457 2220 populo
485 2133 643 2203 Romano
664 2150 742 2202 cum
768 2151 876 2223 regno
896 2153 916 2204 a
937 2152 1017 2224 rege
1041 2133 1178 2224 Apione
1204 2133 1385 2222 quondam

327 2254 466 2327 relictos
493 2256 678 2346 proximus
705 2258 860 2348 quisque
886 2277 1073 2348 possessor
1098 2257 1287 2329 inuasisset
1319 2254 1383 2349 (4).

326 2380 354 2451 Α
373 2381 593 2471 Vespasiano
618 2389 651 2453 et
671 2382 747 2454 Tito
769 2384 937 2454 audimus
958 2402 1061 2473 agros
1083 2383 1303 2473 Cyrenenses
1320 2381 1387 2452 ite-

327 2523 403 2575 rum
429 2505 612 2576 restitutos
638 2523 718 2576 esse
743 2513 776 2576 et
797 2525 959 2597 magnam
987 2505 1072 2576 fisco
1097 2505 1284 2596 pecuniam
1309 2521 1389 2594 pro

327 2627 469 2700 venisse
503 2647 544 2699 ex
579 2628 732 2701 venditis
768 2630 877 2701 totius
911 2631 1032 2700 ltaliae
1063 2628 1291 2708 subscicivis‚
1325 2625 1389 2698 sed

327 2772 575 2861 possessorum
593 2755 808 2825 clamoribus
828 2753 1138 2845 legationibusque
1152 2751 1198 2824 ad
1214 2752 1250 2823 id
1268 2750 1389 2824 induc·

327 3053 498 3102 Falerienses
514 3058 541 3101 ct
556 3054 709 3117 Firmanus)
723 3069 728 3102 t
788 3055 844 3103 divi
861 3055 980 3116 Augusti
994 3067 1059 3115 erga
1074 3058 1223 3115 quartarios
1238 3065 1304 3100 suos
1318 3051 1389 3114 prin-

328 3142 396 3205 cipis
416 3143 534 3205 epistula
550 3158 604 3204 qua
621 3143 762 3191 admonuit
781 3157 828 3191 cos
848 3149 879 3190 ut
895 3143 987 3190 omnia
1002 3143 1142 3191 subsiciva
1161 3156 1212 3189 sua
1229 3141 1390 3203 colligerent

328 3235 355 3280 et
369 3233 530 3282 venderent.
546 3260 575 3304 ‘.
595 3231 694 3291 Orelli,
718 3231 793 3292 1460;
816 3237 842 3282 C.
867 3239 888 3281 l.
904 3238 949 3291 L.,
968 3233 1009 3293 ΙΙ,
1028 3232 1102 3291 1463;
1118 3233 1170 3292 VI,
1186 3231 1389 3293 6666614146-

328 3335 377 3371 nos
395 3321 441 3372 666
455 3326 482 3371 et
497 3322 569 3385 644);
585 3337 619 3372 ex
634 3336 667 3371 eo
685 3328 808 3386 tompore
825 3336 880 3385 quo
893 3323 1035 3385 Augustus
1051 3323 1247 3385 rempublicam
1263 3321 1389 3369 obtinere

328 3410 432 3474 coepit,
448 3425 537 3473 usque
559 3412 587 3458 in
607 3411 771 3460 hodiernum
791 3425 932 3474 nunquam
949 3411 1016 3460 haec
1040 3412 1101 3459 loca
1126 3410 1274 3473 pensiones
1296 3408 1389 3472 pensi-

328 3503 439 3551 tasse.»

360 3589 393 3652 (1)
412 3589 538 3651 sueton„
555 3592 624 3650 Tib,
638 3590 669 3649 8;
686 3589 748 3639 Dio.
762 3589 848 3654 Cass,
863 3590 973 3643 vall.
987 3590 1018 3649 6;
1036 3591 1105 3639 Plin.
1123 3590 1156 3638 ad
1170 3589 1289 3647 Tranium,
1306 3588 1344 3639 58.
1359 3615 1391 3623 —

329 3676 370 3728 Gi.
386 3676 507 3737 Momm,
524 3683 552 3728 S,
568 3681 608 3738 R„
626 3679 660 3738 ll,
677 3679 700 3740 6,
720 3679 787 3738 1676,
804 3679 872 3730 1671.

360 3766 394 3830 (6)
410 3766 503 3830 Orelli,
520 3767 594 3827 3ll8;
612 3772 637 3818 C.
658 3774 679 3816 l.
695 3773 735 3830 L.‚
753 3769 803 3831 Vl,
819 3769 866 3819 666
880 3770 938 3831 (ubi
953 3770 1087 3819 incertum
1108 3773 1149 3818 est
1167 3773 1260 3817 utrum
1275 3767 1309 3815 dc
1325 3781 1391 3815 vec-

330 3857 406 3920 tigali
420 3869 454 3904 an
467 3857 568 3906 solario
583 3857 698 3920 agatur).
709 3885 740 3894 -
756 3859 891 3920 Frontin.,
905 3875 931 3922 p.
946 3859 989 3918 54,
1005 3860 1050 3910 10:
1066 3859 1191 3921 «Aliqua
1206 3857 1345 3906 subsiciva
1361 3856 1390 3902 in

330 3945 408 3994 Italia
429 3945 527 4009 (Titus)
546 3946 689 4009 recollegit
709 3964 721 3994 o
743 3962 768 4010 p.
793 3947 835 4007 54,
852 3948 888 3996 3;
910 3948 1087 3996 «Pecuniam
1111 3947 1192 3996 etiam
1219 3945 1390 4008 quarundam

331 4034 499 4082 coloniarum
520 4035 584 4097 imp.
606 4034 795 4098 Vespasianus
811 4036 917 4098 exegit,
936 4050 1006 4098 quae
1025 4050 1081 4085 non
1100 4036 1232 4084 haberent
1251 4033 1391 4082 subsiciva

331 4135 470 4172 concessa.
487 4137 499 4168 n
518 4127 544 4174 C.
560 4129 581 4172 l.
596 4127 635 4186 L.,
653 4125 687 4184 ΙΙ,
706 4125 764 4175 1463
780 4125 835 4188 (ubi
852 4126 886 4175 de
902 4128 1082 4190 vectigalibus
1097 4126 1131 4176 ad
1146 4125 1247 4176 fundos
1264 4124 1390 4192 publicos

332 4212 533 4276 pertinentibus
546 4213 664 4263 fortasse
680 4227 770 4264 sermo
788 4214 847 4278 est).

362 4301 395 4364 (3)
410 4301 577 4362 C.l.L.,V,
592 4301 662 4353 5656.

363 4391 395 4456 (4)
411 4393 507 4457 Tacit,
522 4399 608 4454 Aac„
624 4393 696 4458 XIV,
715 4394 751 4447 te.
