3450 5234
685 585 864 647 -lll—

245 731 374 803 propter
389 720 535 801 ambigua
554 721 717 782 sozomeni
729 720 826 781 verba
837 720 893 800 (1),
905 721 1066 801 vectigalia
1078 721 1141 781 sola
1159 740 1306 783 concessu

217 888 219 894 ,
244 847 313 890 osse
338 828 554 908 putaverunt?
572 827 656 907 quod
682 846 795 907 parum
822 827 984 905 probabile
1008 827 1152 900 videtur,
1178 838 1307 890 contra-

245 936 391 1015 riumque
416 935 572 997 Ammiani
601 934 708 994 verbis
738 933 906 995 scribentis
935 934 1098 1013 vectigalia
1128 934 1310 995 civitatibus

246 1042 388 1102 restituta
406 1060 475 1103 esse
492 1061 564 1103 oum
582 1040 689 1102 lundis
703 1040 759 1122 (3).
777 1042 939 1102 Praeterea
955 1041 1033 1101 nihil
1053 1059 1192 1120 unquam
1210 1044 1308 1121 irnpe-

246 1157 366 1210 ratores
389 1147 561 1209 concedere
582 1148 684 1209 solent
707 1150 766 1209 nisi
789 1167 860 1209 corn
883 1148 976 1229 pleno
1001 1144 1202 1228 proprietatis
1227 1150 1310 1208 iure.

245 1257 357 1336 Agitur
380 1254 419 1316 de
444 1254 569 1331 lundis,
593 1273 655 1315 non
680 1255 780 1316 solum
807 1254 846 1316 de
874 1254 1081 1335 vectigalibus
1104 1255 1134 1314 in
1161 1255 1219 1315 hac
1245 1253 1310 1333 lege

247 1363 456 1426 Valentiniani
476 1365 691 1443 possessiones
711 1363 836 1443 templis
858 1381 915 1443 per
933 1362 1088 1424 Iulianum
1112 1361 1252 1423 redditas
1272 1360 1312 1423 ad

248 1490 313 1534 rem
338 1472 495 1552 privatam
522 1472 703 1532 cumomni
727 1472 795 1533 iure
824 1470 927 1531 redire
955 1471 1095 1531 iubentis
1120 1469 1174 1550 (3).
1205 1469 1312 1549 Agitur

248 1579 341 1639 etiam
371 1576 411 1638 de
437 1576 544 1638 lundis
571 1580 602 1638 in
630 1578 732 1658 glossa
757 1577 893 1658 quadam
923 1596 1004 1657 quae
1030 1576 1115 1657 apud
1139 1578 1312 1657 Aggenium

248 1684 398 1747 Urbicum
422 1686 580 1766 reperitur
596 1684 655 1765 (4).
673 1687 707 1745 ln
725 1683 949 1745 donationibus
969 1685 1179 1759 Constantini,
1201 1681 1314 1744 fundos

248 1791 334 1870 ipsos
349 1790 496 1851 Ecclesiis
513 1807 681 1851 concessos
697 1808 765 1850 esse
781 1798 923 1869 apparet.
941 1791 1091 1850 Civitates
1109 1790 1204 1869 igitur
1223 1788 1314 1848 bonis

249 1900 316 1959 suis
331 1914 349 1959 a
364 1898 569 1959 Constantino
589 1912 698 1977 magna
719 1916 759 1958 ex
775 1905 863 1977 perte
882 1897 1030 1977 spoliatas
1047 1916 1115 1957 esse
1132 1896 1312 1958 credamus.

289 2008 320 2066 2⁰
342 2004 423 2079 Quid
445 2004 576 2084 postea?
591 2006 800 2065 Transierunt
818 2006 895 2065 haec
915 2004 996 2065 bona
1014 2004 1054 2065 ad
1075 2004 1223 2065 ecclesias
1241 2023 1313 2065 com

249 2114 318 2173 iure
332 2131 401 2187 suo,
418 2131 531 2192 nempe
546 2113 758 2192 perpetuario.
775 2113 824 2185 ht,
842 2113 886 2171 ait
900 2114 1054 2187 brunner,
1071 2112 1210 2173 lulianus
1228 2115 1316 2173 resti-

250 2226 335 2279 tutae
349 2219 513 2280 civitatum
533 2219 691 2293 lortunae,
704 2237 743 2278 ex
759 2219 827 2278 iure
845 2218 1057 2297 perpetuario,
1074 2216 1313 2278 conductionem

250 2326 473 2406 temporariam
500 2326 597 2399 leoit3
623 2326 681 2385 hoc
707 2342 783 2385 vero
809 2323 894 2384 haud
922 2325 962 2383 ita
989 2324 1227 2403 comprobatum
1255 2334 1312 2385 est.

251 2434 328 2494 Nam
351 2451 443 2512 aegre
466 2433 606 2512 reperias
628 2428 867 2491 conductionem
889 2430 1110 2509 temporariam
1133 2430 1165 2489 in
1187 2429 1253 2509 lege
1276 2449 1314 2490 ex

251 2559 313 2619 qua
329 2546 548 2620 argumentum
568 2538 689 2618 profert
704 2538 756 2615 (5).
772 2540 837 2598 Imo
852 2538 913 2596 iarn
931 2536 972 2597 ab
990 2554 1071 2596 auno
1087 2537 1144 2597 386
1160 2536 1191 2595 in
1209 2537 1314 2615 reipu-

251 2647 351 2707 blicae
371 2646 477 2707 lundis
497 2646 714 2725 emphyteusis
736 2651 869 2724 apparet
882 2642 938 2724 (6).
957 2644 1045 2704 Falso
1063 2643 1158 2723 igitur
1173 2646 1317 2703 Bruuner

252 2760 343 2833 putat
372 2749 569 2813 solummodo
598 2750 664 2830 lege
691 2750 765 2811 anni
792 2750 850 2809 loo
880 2751 1057 2811 restitutam
1082 2768 1151 2811 esse
1178 2749 1315 2811 conduc·

284 3046 318 3109 (1)
334 3045 454 3107 Sozam„
469 3047 503 3105 V,
515 3048 546 3097 5:
563 3063 576 3093 o
591 3046 777 3101 Κωνστάντινος
790 3046 822 3094 τὰ
837 3050 887 3094 τῶν
903 3044 1036 3104 §athaalos
1049 3045 1161 3095 διέταττε
1174 3044 1315 3108 πράγματα,

253 3138 282 3185 ἐκ
295 3141 345 3185 τῶν
358 3137 460 3195 ἑκάστης
474 3138 567 3193 πόλεως
580 3136 660 3200 φόρων
675 3136 707 3184 τὰ
720 3136 872 3199 ἀρκοῦντα...
889 3153 901 3177 o

287 3222 320 3285 (3)
335 3223 419 3283 XXV,
433 3223 455 3285 l,
469 3225 497 3273 15
509 3238 515 3273 :
526 3240 538 3271 o
551 3225 706 3287 Vectigalia
718 3224 877 3273 civitatibus
891 3225 1020 3273 restituta
1033 3238 1094 3273 cum
1109 3222 1203 3271 lundis
1213 3225 1317 3299 absque

253 3312 306 3373 his,
322 3326 391 3374 quos
403 3314 479 3362 velut
494 3314 554 3362 iure
568 3313 720 3362 vendidere
735 3313 901 3375 praeteritae
913 3316 1074 3375 potestates.
1091 3328 1103 3357 o

285 3398 444 3462 (3)(1.Τ1ι.,
460 3399 497 3460 V,
516 3400 559 3461 14,
576 3402 589 3450 3
604 3399 667 3464 (364)
684 3414 689 3449 :
707 3399 872 3449 «Universa
891 3415 961 3463 quae
983 3414 1017 3449 ex
1036 3400 1203 3463 patrimonio
1222 3403 1318 3449 nostro

253 3500 304 3550 por
318 3487 462 3536 arbitrium
477 3488 557 3538 divae
572 3490 721 3537 memoriae
736 3488 836 3538 Iuliani
853 3490 882 3538 in
893 3490 1099 3553 possessionem
1110 3492 1175 3537 sunt
1187 3490 1320 3537 translata

254 3577 449 3639 templorum...
467 3592 530 3626 cum
544 3579 619 3628 omni
634 3580 694 3627 iure
710 3578 744 3627 ad
759 3593 816 3627 rem
830 3579 966 3641 privatam
980 3579 1071 3627 redire
1086 3578 1257 3628 mandamus.
1274 3594 1286 3625 o

285 3663 318 3727 (4)
331 3670 438 3726 Appen.
456 3669 549 3715 Urbic.
569 3666 622 3729 (ed.
639 3666 820 3729 Lachmann),
838 3681 864 3729 p.
883 3666 914 3715 88
936 3680 941 3715 :
963 3682 975 3712 o
995 3667 1027 3716 ln
1046 3665 1125 3715 Italia
1144 3666 1222 3713 multi
1243 3678 1319 3715 cres-

253 3757 334 3802 cente
346 3755 480 3818 religione
493 3756 679 3805 sacratissima
689 3756 839 3805 christiana
849 3756 927 3804 lucos
938 3757 1069 3819 profanos
1082 3755 1142 3804 sive
1154 3755 1320 3816 templorum

254 3842 317 3890 loca
328 3848 535 3905 occupaverunt
547 3848 575 3892 et
587 3848 692 3892 serunt.
708 3860 721 3891 n

287 3929 320 3994 (5)
335 3928 366 3980 0.
383 3930 460 3990 lust„
476 3931 527 3993 XI,
543 3932 586 3992 59,
601 3931 616 3981 6
630 3930 693 3995 (383)
707 3946 714 3979 :
731 3947 744 3977 o
760 3930 797 3980 Ut
809 3931 927 3994 quisque
948 3931 1101 3980 conductor
1121 3931 1207 3980 fuerit
1225 3932 1319 3983 inven-

256 4023 302 4068 tus
321 4034 467 4083 possessor
481 4021 575 4081 fundi,
592 4022 639 4084 qui
659 4035 693 4070 ex
711 4022 823 4085 publico
837 4022 882 4071 vel
896 4023 1061 4085 templorum
1080 4021 1141 4069 iure
1161 4020 1336 4081 descendit„

255 4108 321 4158 huic
335 4123 401 4173 ager
414 4111 546 4173 iungatur
560 4111 693 4160 inutilior.
708 4126 721 4157 o

288 4197 322 4263 (6)
336 4198 367 4249 Ο.
383 4199 466 4262 lust,
484 4199 535 4261 XI,
552 4200 595 4263 62,
610 4201 625 4250 7
640 4214 646 4249 ι
663 4216 676 4246 u
699 4199 872 4262 Quicumque
891 4200 925 4248 ad
946 4200 1149 4263 emphyteusim
1170 4200 1319 4249 fundorum

257 4290 492 4352 patrimonialium
505 4290 550 4341 vel
561 4294 603 4340 ret·
617 4292 778 4351 publicae...
794 4305 807 4336 a
822 4316 853 4327 -
866 4288 908 4339 Cf.
922 4288 953 4339 C.
968 4289 1028 4352 Th,
1047 4289 1086 4349 V,
1103 4289 1144 4352 13,
1161 4289 1204 4349 33,
1220 4290 1254 4337 ad
1270 4303 1319 4338 an-

255 4391 324 4427 num
338 4378 393 4429 393.
