3450 5234
827 543 987 604 -70-
1053 567 1057 576 ·

377 684 473 775 quod
494 690 669 755 monstrat
695 683 923 774 potissimum
951 682 1081 755 codicis
1104 681 1295 754 lastiniani
1312 682 1438 754 titulus

383 836 399 873 ‹
418 808 462 878 dc
480 807 576 878 bonis
595 779 799 879 vocantibus
817 814 851 878 ct
870 807 913 877 de
933 807 1218 901 incorporatione
1238 803 1302 902 (1).
1325 834 1340 870 ›
1366 809 1440 880 Hoc

377 934 483 1006 etiam
509 918 864 1006 animadvertendum
894 940 948 1005 est
974 933 1069 1005 bona
1096 934 1183 1005 baec
1205 932 1366 1025 uacantia
1384 932 1440 1004 vel

377 1058 557 1132 desertae
583 1058 669 1131 fisco
689 1077 763 1130 non
789 1058 860 1130 nisi
888 1058 999 1151 invito
1027 1058 1175 1149 suscipi.
1210 1056 1441 1129 Commodius

378 1184 473 1256 enim
501 1183 688 1255 videbatur
707 1183 985 1274 imperatoribus
1003 1202 1046 1256 ea
1064 1182 1266 1255 civitatibus
1286 1181 1340 1253 vel
1363 1182 1437 1272 pri·

378 1310 468 1381 vatis
494 1308 766 1400 possessoribus
799 1308 949 1380 colenda
975 1309 1212 1400 relinquere:
1245 1307 1342 1379 unde
1367 1314 1439 1379 tam

379 1436 510 1506 multas
531 1434 747 1525 easdemque
767 1434 914 1507 inutiles
941 1434 1036 1525 leges
1062 1433 1107 1507 de
1125 1432 1314 1504 adiectione
1335 1450 1438 1523 prae·

379 1559 519 1632 diorum
558 1559 755 1641 babemus,
800 1560 881 1633 ideo
921 1561 1162 1652 promulgatas
1198 1566 1238 1631 ut
1276 1574 1441 1650 agrorum

380 1685 601 1757 desertorum
621 1686 728 1756 etiam
743 1686 789 1757 ab
806 1686 928 1758 invitis
948 1686 1082 1758 tributa
1100 1687 1321 1757 solverentur
1344 1680 1407 1776 (2).

429 1811 673 1900 2⁰‘Nuuquam
695 1810 804 1882 tantis
831 1819 866 1882 el
890 1818 960 1882 tam
983 1811 1105 1882 mullis
1127 1808 1443 1882 comissationibus

324 2015 327 2022 ⁴
381 1934 493 2007 territi
513 1943 598 2006 sunt
618 1936 767 2005 Romani
796 1954 904 2025 quam
925 1936 963 2006 in
990 1936 1062 2007 illis
1092 1942 1217 2026 quarto
1245 1934 1444 2025 quintoque

378 2059 511 2131 seculis
537 2059 600 2130 obi
631 2060 845 2132 rebelliones
873 2079 916 2132 ex
940 2060 1199 2132 rebellionibus
1219 2039 1442 2131 nascuntur:

382 2176 863 2258 memorentursolummodo
875 2186 1147 2259 confiscationes
1159 2183 1443 2276 quaeMaxentii,

382 2310 533 2393 bonati,
552 2311 765 2401 Magnentii,
786 2311 1003 2403 Maximique
1023 2318 1057 2407 et
1075 2319 1127 2384 tot
1152 2311 1302 2382 aliorum
1327 2309 1449 2382 clades·

382 2442 523 2507 secutae
543 2442 627 2506 sunt
653 2433 722 2528 (5).
746 2437 915 2508 bevoluta
942 2445 1027 2510 sunt
1051 2436 1097 2509 ad
1124 2436 1249 2508 fiscum
1269 2436 1446 2507 immensa

383 2560 591 2632 Stilichonis
606 2561 702 2632 bona
726 2557 798 2654 (l);
821 2568 941 2634 tantae
960 2562 1101 2635 lucrant
1119 2561 1257 2634 comitis
1283 2559 1446 2631 Gildonis

382 2684 545 2758 fortunae
571 2694 611 2757 ul
637 2686 819 2778 proprium
849 2686 1176 2760 administratorem
1208 2688 1252 2758 iis
1281 2686 1445 2758 comitem

384 2809 582 2881 Gildoniaci
599 2811 805 2902 patrimonii
819 2808 884 2904 (b),
902 2813 939 2883 in
955 2812 1087 2884 Notitia
1102 2812 1314 2903 dignitatum
1332 2811 1446 2882 nomi-

384 2942 521 3019 natum,
534 2953 651 3008 creare
662 2954 807 3008 necesse
821 2936 961 3009 luisset.
974 2937 1071 3009 ldem
1088 2938 1258 3027 Eutropio
1274 2934 1446 3009 accidisse

385 3060 517 3134 scimus
541 3044 615 3155 (6).‘
633 3063 714 3133 lloc.
732 3070 851 3135 lamen
876 3070 931 3135 est
953 3062 1308 3134 animadvertendum
1337 3079 1445 3152 quam
1497 3160 1502 3167 .

386 3188 497 3260 multa
524 3206 566 3259 ex
592 3188 636 3259 iis
670 3189 796 3270 bonis,
833 3188 891 3260 vis
924 3188 1194 3279 possessoribus
1228 3196 1367 3279 erepla,
1400 3187 1446 3259 ab

385 3311 679 3403 imperatoribus,
697 3313 862 3385 beneficii
876 3314 1000 3405 gratia,
1019 3313 1100 3385 aliis
1112 3314 1257 3387 concedi
1276 3314 1444 3395 solerent,

387 3455 497 3527 quum
527 3437 617 3508 nibil
651 3438 873 3511 commodius
907 3438 951 3510 ad
990 3439 1232 3511 conciliandos
1270 3414 1340 3511 sibi
1372 3438 1447 3509 lau·

417 3709 452 3773 (l)
467 3708 498 3761 G.
513 3710 592 3771 lust„
607 3709 640 3771 X,
656 3710 693 3761 lo.

418 3796 453 3861 (2)
466 3804 504 3848 De
519 3802 685 3860 adiectione,
701 3801 765 3851 vide
781 3800 944 3851 Gotholredi
960 3805 1194 3854 Commentarios.
1209 3801 1364 3863 Zachariae,
1384 3806 1449 3851 Ges-

388 3890 496 3937 cbiebte
511 3892 560 3937 des
575 3892 917 3940 Grtecbtscb-Rdmiscben
933 3895 1045 3950 Rechts,
1062 3892 1073 3954 ἓ
1090 3892 1127 3941 58,
1143 3892 1176 3940 Et
1191 3892 1450 3941 commentationem

387 3981 510 4027 nostram
525 3976 684 4040 inscriptam
700 3993 706 4027 :
722 3984 758 4028 Lc
770 3986 887 4041 partape
903 3984 996 4030 onctal
1012 3984 1051 4029 du
1066 3981 1169 4030 fundus
1185 3984 1308 4031 romain.

419 4065 453 4129 (3)
468 4066 498 4118 G.
513 4066 572 4126 Th,
587 4066 620 4126 X,
638 4067 658 4129 l,
676 4066 684 4117 l
701 4067 784 4132 (3l5);
803 4069 835 4129 X,
850 4070 873 4129 8,
889 4068 923 4130 lr;
939 4070 971 4133 X,
991 4069 1027 4130 10,
1044 4070 1078 4133 ὃς
1095 4071 1142 4134 IV,
1158 4070 1197 4127 22,
1212 4071 1234 4121 3.

419 4154 453 4219 (l)
467 4154 498 4217 Ο,
514 4156 574 4215 Tu,
589 4156 635 4219 IX,
651 4156 690 4219 ln,
705 4156 744 4208 20.

419 4244 452 4309 (5)
467 4245 498 4296 G.
513 4244 573 4309 Th,
588 4244 649 4307 VII,
665 4247 689 4307 8,
703 4248 727 4311 7,
741 4262 803 4297 cum
816 4248 979 4299 Gotholredi
993 4250 1075 4300 uotis.

420 4333 453 4398 (6)
468 4333 498 4386 G.
515 4334 574 4395 Tu,
591 4326 637 4395 lX,
653 4334 691 4400 42,
707 4336 744 4389 lt.
