3450 5234
833 491 992 549 ..72-

431 631 506 731 Non
535 629 817 732 obliviscendum
845 635 899 700 est
926 627 1058 699 mulius
1086 626 1216 721 tundus
1243 624 1287 695 ad
1312 622 1444 694 limites

383 753 521 842 imperii
543 755 611 823 iam
637 754 721 826 inde
742 754 787 824 ab
812 751 1006 824 Alexandri
1038 759 1196 841 tempure
1216 748 1391 821 veteranIs
1411 753 1447 818 et

382 878 545 953 barbaris
581 880 684 971 quasi
717 868 892 976 beneficia
925 877 1093 948 militaria
1125 875 1269 949 concedi
1297 875 1443 946 solere:

383 1008 488 1071 terris
504 1011 622 1075 autern
644 1004 716 1074 iliis
737 1001 947 1083 limitaneis,
970 998 1339 1096 suadisult'mitropht's,
1360 997 1444 1091 fuu-

382 1126 437 1230 dis
455 1125 694 1210 castellorum,
717 1130 821 1199 terris
848 1128 985 1200 laeticis
1012 1132 1046 1198 et
1075 1099 1304 1217 praefecturis
1328 1124 1444 1215 genti-

383 1254 471 1324 lium
500 1272 642 1344 operam
664 1254 749 1325 dare
776 1254 1003 1344 apropositc
1031 1242 1153 1324 nostro
1181 1252 1339 1322 alienum
1368 1257 1445 1332 est,

384 1362 498 1469 quum
511 1380 632 1482 omnia
649 1380 795 1474 praedia
810 1380 880 1451 ista
895 1356 978 1449 cum
990 1379 1096 1473 pieac
1106 1376 1261 1447 dominio
1279 1376 1325 1448 ad
1336 1394 1447 1448 noros

383 1521 610 1604 possessores
628 1511 825 1605 transeant.

433 1629 487 1699 dn
505 1646 586 1732 reru
606 1628 749 1700 barbari
770 1636 882 1701 terras
908 1629 1108 1720 acceperint
1128 1630 1232 1719 quasi
1250 1626 1363 1698 coloni
1381 1627 1449 1695 tm-

382 1753 558 1845 peratora'i
577 1773 700 1844 parum
722 1755 847 1845 liquet.
872 1756 983 1841 Quam
1007 1756 1103 1827 enim
1132 1754 1235 1826 multi
1259 1753 1353 1845 agris
1373 1754 1446 1844 pri-

385 1886 545 1963 vatorum
562 1879 712 1982 desertis
733 1898 794 1951 seu
811 1887 939 1970 sponte
959 1899 1024 1951 sua
1040 1898 1103 1950 seu
1122 1881 1231 1951 coacti
1251 1878 1450 1950 insederint

386 2006 423 2075 in
451 2000 676 2076 documentis
702 2004 903 2077 innumeris
924 2005 1086 2096 tegimus.
1111 2004 1198 2087 Sed,
1221 2011 1260 2075 ut
1286 2003 1449 2093 exemplo

384 2135 546 2218 utamur,
574 2129 745 2220 relinquit
769 2149 910 2221 semper
936 2130 973 2200 in
994 2130 1103 2201 dubio
1128 2130 1340 2203 Ammianus
1360 2131 1449 2201 Mar-

385 2255 536 2326 cellinus
557 2261 675 2325 utrum
697 2255 915 2345 privatorum
932 2274 977 2325 an
998 2254 1252 2346 imperaturum
1271 2254 1449 2326 tributarii

385 2378 513 2451 flerent
532 2398 657 2451 omnes
675 2380 728 2450 illi
746 2379 890 2450 barbari
909 2379 1041 2473 quihus
1059 2380 1151 2451 nihil
1170 2380 1356 2470 antiquius
1376 2386 1451 2451 erat

386 2523 492 2597 quam
508 2511 548 2576 ut
573 2531 588 2568 ι
605 2502 877 2574 tributariorum
888 2504 1162 2575 puerascerem
1178 2516 1373 2575 atuomeur
1399 2502 1450 2599 (I)

387 2647 503 2719 neque
522 2629 672 2700 clariora
686 2631 891 2702 testimonia
906 2632 1060 2703 atterunt
1074 2632 1136 2702 alii
1153 2632 1342 2723 scriptores
1357 2654 1365 2712 ;
1387 2630 1451 2702 sed

387 2773 497 2847 quum
520 2755 622 2827 muiti
648 2756 721 2846 agri
743 2764 907 2828 vacantes
935 2757 972 2827 in
1000 2756 1168 2829 omnibus
1193 2758 1385 2849 prouinciis
1405 2756 1452 2828 ad

387 2878 513 2951 fiscum
534 2879 775 2970 pertinerent,
805 2900 878 2952 nun
904 2881 1053 2953 dubium
1081 2891 1135 2953 est
1162 2884 1249 2973 quin
1275 2890 1309 2955 et
1329 2882 1450 2954 tundis

388 3004 625 3094 imperatoriis
636 3004 808 3077 barbarus
822 3006 1017 3078 coloniarIa
1027 3006 1233 3080 conditione
1249 3009 1451 3099 assignatus

419 3372 452 3436 (1)
467 3373 613 3435 Ammian„
629 3376 701 3435 XIX,
717 3377 754 3437 II,
768 3378 791 3428 6.
803 3379 845 3431 Cf.
859 3378 986 3441 XXVIII,
1001 3382 1023 3439 5,
1039 3381 1082 3441 15;
1100 3380 1186 3443 XVII,
1199 3382 1222 3442 3,
1235 3382 1264 3442 3;
1278 3382 1376 3443 XXXI,
1387 3384 1410 3445 9,
1423 3383 1452 3442 I,-

389 3462 475 3525 XVII,
493 3464 516 3524 8,
532 3464 546 3513 3
556 3477 563 3525 ;
579 3464 682 3525 XXXI,
699 3466 726 3528 I,
743 3467 863 3519 1.-cr.
878 3469 1003 3533 Eutrop„
1022 3470 1068 3533 IX,
1084 3471 1131 3521 15:
1149 3452 1161 3519 <r
1178 3477 1311 3533 repentes
1326 3475 1452 3533 captivo-

390 3566 456 3601 rum
474 3556 570 3614 copias
585 3557 617 3602 in
634 3542 763 3605 romaeis
780 3558 887 3617 linibus
905 3562 1077 3610 locauerunt.
1092 3576 1104 3607 a
1122 3560 1238 3611 Trebell.
1257 3560 1371 3621 Pollio„
1389 3566 1452 3612 Vita

390 3644 497 3703 Claud,
515 3642 581 3694 c.8:
599 3659 612 3689 u
627 3648 762 3705 rmpretae
776 3648 903 3697 barbaris
919 3650 1009 3698 servis
1021 3662 1157 3699 romanae
1170 3652 1351 3710 prouinciam
1361 3654 1453 3711 sactus

391 3732 509 3779 colonus
523 3746 557 3780 ex
579 3736 674 3784 Gotho.
690 3761 721 3770 -
737 3734 846 3799 zosim„
863 3737 889 3800 1,
906 3737 943 3788 46,
957 3738 1095 3802 Vopiscus
1111 3740 1229 3803 Probus,
1246 3756 1269 3793 c.
1288 3741 1316 3791 15
1330 3755 1335 3789 :
1353 3756 1365 3787 u
1383 3746 1452 3789 Bar-

391 3821 452 3867 bari
467 3823 545 3869 uobis
555 3827 647 3882 arant,
659 3826 738 3873 uubis
753 3831 861 3876 serunt.
875 3844 887 3874 u
901 3827 1027 3888 damen„
1038 3834 1106 3878 Pan.
1119 3834 1273 3890 Constant,
1285 3846 1307 3879 c.
1320 3830 1348 3881 21
1362 3845 1367 3879 ;
1382 3835 1452 3880 «Re-

391 3913 488 3969 ceptus
510 3912 542 3959 a'n
559 3913 632 3971 layas
652 3917 782 3963 Francus
804 3919 976 3967 Neruiorum
996 3923 1021 3967 ct
1038 3921 1220 3969 Trevirorum
1243 3934 1311 3969 arva
1331 3923 1454 3970 iacentia

392 4001 513 4047 excolur't
523 4018 531 4057 ,·
549 4015 562 4045 u
582 4015 605 4050 e.
622 4000 657 4050 9:
680 4017 692 4047 u
712 4007 780 4051 Arat
803 4018 868 4066 erpo
889 4008 961 4055 mihi
977 4010 1135 4057 ehamarus
1151 4013 1176 4057 et
1196 4012 1316 4059 Frisius.
1333 4026 1346 4056 u
1363 4009 1452 4059 Naza-

392 4086 462 4149 rius,
478 4093 546 4142 Part.
568 4094 722 4151 constant,
738 4107 761 4144 c.
780 4093 808 4142 17
823 4108 829 4142 :
845 4110 857 4140 u
876 4098 909 4144 Ut
925 4098 984 4145 loca
1003 4099 1078 4145 culta
1098 4100 1248 4147 redderent
1264 4101 1421 4148 serviendo.
1438 4117 1450 4147 n

392 4175 422 4227 (I.
445 4177 508 4241 Tu,
523 4179 558 4239 V,
574 4179 597 4239 d,
613 4180 636 4229 3.
650 4207 681 4217 -
704 4182 824 4243 Sozam,
839 4183 887 4245 IX,
901 4186 923 4234 5.
934 4186 1061 4236 -Valde
1076 4186 1160 4236 miror
1174 4188 1311 4238 nemiuem
1326 4190 1389 4239 huIc
1403 4190 1451 4239 dif-

391 4266 505 4318 ficultati
520 4270 677 4321 offendisse.
