3450 5234
595 1488 738 1561 CAPUT
765 1485 990 1574 Quaerunt.

553 1815 604 1866 nn
637 1812 812 1866 murrona
842 1771 1035 1863 rnrunra.
1117 1759 1122 1766 Ι

307 2102 442 2172 Novum
456 2117 537 2190 ergo
556 2098 831 2189 patrimonium,
850 2095 948 2186 quod
960 2095 1103 2186 penitus
1121 2112 1142 2164 a
1157 2091 1322 2182 peenniis

257 2225 411 2317 publieis
445 2205 735 2314 distingueretur,
771 2222 943 2312 Septimio
974 2222 1116 2300 Severo,
1143 2217 1321 2288 iiseaiium

259 2369 377 2423 rorum
410 2351 542 2441 perito,
585 2354 706 2437 utpote
742 2347 804 2437 qui
839 2347 965 2418 fuisset
999 2345 1191 2416 advocatus
1227 2340 1321 2422 iisoi,

260 2476 369 2549 oreari
402 2477 517 2548 visum
552 2483 635 2546 est:
663 2479 830 2564 congesto
864 2473 903 2543 in
936 2489 1048 2543 unum
1082 2467 1258 2560 quidquid
1290 2467 1323 2541 ei

260 2609 492 2694 provenerat,
528 2600 736 2690 praesertim
768 2617 810 2671 ex
838 2597 975 2689 magnis
1005 2594 1324 2668 oonfisoationibus

260 2735 343 2818 post
370 2726 505 2798 oiadem
540 2723 725 2797 Pescennii
761 2723 954 2813 nibinique
991 2722 1113 2801 saetis,
1149 2719 1326 2789 rationem

255 2850 441 2943 priuatum
472 2849 656 2921 constituit
680 2846 752 2942 (t),
791 2849 988 2939 eodemque
1016 2847 1094 2918 iure
1121 2844 1329 2934 iisdemque

260 2976 454 3067 privilegiis
476 2993 515 3045 ao
532 2974 658 3044 fisoum
680 2974 833 3045 munivit
858 2969 921 3065 (i).
949 2974 1027 3045 Non
1049 2979 1169 3044 autem
1193 2969 1329 3043 diutius

259 3119 367 3192 quam
379 3100 633 3191 patrimonium
650 3100 846 3190 permansit
860 3097 955 3168 ratio
965 3099 1117 3190 privato
1136 3097 1174 3168 in
1186 3095 1323 3166 familia

260 3225 401 3302 Severi,
431 3224 481 3295 ita
507 3231 546 3295 ut
573 3241 686 3320 regno,
701 3242 779 3294 mox
802 3223 935 3314 pariter
954 3222 1162 3294 adhaereret
1177 3229 1212 3293 et
1227 3219 1330 3292 tertio

260 3350 332 3420 iam
364 3349 483 3420 seenio
512 3349 583 3420 duo
617 3348 792 3419 bonorum
821 3367 951 3439 genera
978 3336 1197 3427 habeamus,
1237 3363 1329 3436 quae

261 3479 345 3563 post
375 3471 636 3542 Diocletianum
666 3471 794 3542 meiius
819 3471 1102 3562 distinguentur,
1133 3471 1218 3542 hino
1236 3469 1332 3541 bona

261 3595 340 3667 fisoi
370 3596 569 3685 veterisque
589 3595 796 3686 patrimonii
827 3596 992 3686 publiea,
1022 3595 1122 3667 illine
1153 3595 1248 3666 hona
1276 3613 1331 3665 ra·

262 3721 374 3793 tionis
394 3720 571 3812 privatae,
591 3721 672 3792 usui
694 3722 897 3811 prinoipum
917 3701 1078 3802 addicta,
1108 3739 1199 3812 quae
1224 3719 1332 3792 hodie

264 3845 361 3937 apud
381 3865 448 3918 nos
467 3846 562 3918 bona
582 3867 732 3917 coronae
752 3847 1038 3918 nominarentur.

314 3971 520 4042 innovare
553 3989 664 4043 novae
695 3971 850 4061 privatae
881 3971 1011 4042 rationi
1043 3970 1215 4062 assignati
1247 3973 1333 4040 sunt

296 4213 328 4278 (1)
346 4217 410 4265 Vita
424 4218 533 4275 Seueri,
551 4230 575 4264 c.
592 4215 627 4265 12.
642 4243 673 4251 —
688 4215 749 4266 Dio.
762 4217 848 4278 Cass,
864 4222 925 4278 Ep„
941 4218 980 4277 73,
999 4217 1039 4277 16;
1054 4217 1093 4279 ii,
1109 4218 1145 4266 18.

296 4302 330 4368 (2)
344 4303 416 4367 Dig.‚
434 4303 530 4364 XLIX,
548 4304 584 4367 14,
601 4306 622 4367 6,
640 4305 693 4368 ξ1ε
713 4321 725 4350 n
744 4306 937 4370 quodcumque
953 4308 1090 4370 privilegii
1103 4308 1169 4357 fisco
1185 4308 1328 4370 competit,

267 4393 319 4442 hoe
331 4393 404 4443 idem
421 4397 448 4444 et
464 4392 590 4444 Caesaris
605 4395 676 4445 ratio
692 4399 718 4444 et
734 4395 876 4460 Augustae
892 4397 992 4447 habere
1007 4397 1112 4448 soleto
