3450 5234
818 627 958 688 ..3-

359 771 409 842 ris
435 768 653 860 provincias,
679 767 753 839 sire
774 765 928 857 privata,
950 771 990 836 ut
1011 766 1216 867 AEgyptum
1242 761 1320 834 fieri
1344 778 1417 833 non

359 899 496 984 poterat
514 893 602 984 quin
617 891 763 983 praedia
777 889 934 982 publiea,
951 907 1065 981 aeque
1083 908 1124 960 ae
1143 886 1248 961 oeteri
1265 886 1414 966 reditus,

362 1017 448 1090 fiseo
468 1016 761 1089 attribuerentur.

409 1141 532 1213 italiae
547 1149 665 1212 autern
680 1147 714 1213 et
728 1138 928 1212 senatoriae
939 1138 1114 1228 cuiusque
1129 1135 1332 1229 provintiae
1343 1135 1420 1206 iun·

361 1265 426 1337 dos
438 1264 601 1355 publicos
616 1264 752 1336 aerario
767 1270 924 1335 serratos
940 1281 1019 1334 essa
1028 1262 1226 1354 putaverim
1241 1280 1356 1351 usque
1375 1261 1419 1334 ad

362 1389 503 1486 Trai-api
532 1395 710 1479 tempora,
743 1394 920 1478 quatenus
951 1406 994 1459 ex
1023 1385 1304 1478 agrimensorum
1335 1405 1418 1458 auo·

362 1516 503 1587 toritate
530 1513 703 1604 suspicari
729 1512 828 1595 lieet,
858 1511 921 1602 qui
950 1511 1093 1603 saepius
1122 1511 1166 1584 de
1186 1512 1273 1584 loeis
1298 1511 1421 1603 populi

363 1638 513 1712 Romani
533 1645 643 1730 agunt
663 1635 727 1732 (1).

413 1763 594 1836 Habemus
618 1762 725 1854 igitur
753 1761 824 1835 duo
849 1781 1013 1854 agrorum
1042 1780 1190 1853 genera,
1219 1761 1363 1852 publiea
1389 1768 1424 1832 et

364 1889 519 1992 [ispalim
541 1888 604 1962 sed
625 1907 763 1971 revera,
782 1908 826 1960 ex
845 1888 950 1960 initio
968 1888 1038 1959 iam
1053 1857 1302 1979 principatusf
1317 1887 1425 1979 impe·

363 2022 498 2087 ratores
517 2015 605 2086 loeis
620 2013 743 2104 populi
760 2012 910 2084 Romani
930 2030 1044 2102 aeque
1062 2030 1102 2083 ae
1122 2011 1305 2084 fiscalibus
1325 2030 1425 2103 prae·

363 2140 474 2212 iuisse
496 2158 569 2211 non
595 2138 745 2210 dubium
770 2145 841 2217 est,
870 2136 1003 2227 quibus
1031 2137 1123 2208 nihil
1149 2137 1334 2227 antiquius
1358 2136 1426 2208 tuit

364 2282 471 2355 quam
510 2269 549 2333 ut
577 2262 686 2332 totius
720 2260 769 2334 rei
804 2260 979 2351 agrariae,
1013 2259 1297 2350 assignationum
1330 2260 1425 2332 oolo-

365 2387 578 2476 niarumque
602 2385 671 2457 sibi
701 2403 818 2456 euram
845 2391 1072 2474 seponerent.
1101 2384 1299 2475 Augustum
1330 2385 1425 2456 enim

366 2513 587 2585 recensuisse
604 2517 639 2582 et
655 2530 675 2581 a
692 2509 836 2600 privatis
855 2510 1120 2600 recuperavisse
1137 2508 1315 2600 quidquid
1331 2517 1428 2582 esset

327 2705 329 2712 ,
365 2637 489 2730 popuii
513 2636 684 2716 Romani,
708 2654 780 2706 uon
802 2635 932 2706 Romae
952 2641 1112 2716 tantum,
1134 2634 1197 2707 sed
1219 2641 1253 2706 et
1280 2635 1317 2706 in
1343 2636 1428 2707 orbe

368 2763 534 2834 universo
555 2769 773 2851 compertum
793 2759 987 2843 babemus,
1007 2761 1056 2831 ita
1075 2767 1114 2831 ut
1133 2780 1175 2832 ox
1196 2760 1262 2832 bae
1279 2759 1425 2832 ordina·

369 2890 464 2961 tione
484 2888 570 2959 anni
592 2889 660 2958 717
682 2907 717 2960 u.
739 2906 770 2959 u.
786 2921 836 2944 =
853 2888 898 2956 17
920 2906 954 2957 a.
976 2887 1004 2957 1.
1027 2887 1066 2969 C,
1087 2886 1208 2958 omnia
1227 2886 1426 2978 privilegia,

369 3010 557 3094 benefitia,
576 3011 770 3102 vectigalia,
788 3010 922 3083 iormaa
940 3010 1097 3102 denique
1115 3029 1240 3084 omnes
1259 3009 1306 3082 ad
1324 3030 1428 3083 usum

370 3135 708 3227 possessionemque
731 3136 925 3209 fundorum
945 3135 1170 3227 publicorum
1190 3136 1428 3227 pertinentes,
1453 3121 1458 3130 ’

265 3323 267 3330 .
370 3262 476 3333 etiam
499 3268 579 3352 post
598 3261 809 3353 Septimium
830 3262 998 3334 Severum
1017 3261 1215 3352 penderent
1237 3258 1301 3355 (1).

402 3587 433 3651 (1)
453 3587 603 3637 Gromatiei
624 3587 677 3649 (ed.
701 3587 879 3650 Lachmann).
900 3587 1018 3651 Hygin,
1034 3604 1060 3652 p.
1078 3589 1134 3651 111,
1158 3589 1187 3640 16
1201 3603 1208 3638 :
1224 3605 1237 3636 r
1256 3590 1325 3639 Nam
1343 3595 1371 3639 et
1389 3605 1433 3639 re-

371 3679 453 3741 gione
469 3677 586 3727 Reatina
598 3682 663 3726 sunt
678 3679 738 3726 loca
753 3693 779 3741 p.
797 3677 829 3727 R.
841 3695 853 3724 o
866 3705 896 3713 —
909 3677 995 3729 Sicut.
1011 3679 1063 3738 137,
1078 3680 1099 3740 1,
1113 3678 1147 3728 t:
1164 3696 1176 3726 n
1191 3679 1262 3729 Sunt
1277 3681 1372 3744 populi
1383 3680 1434 3730 Ro·

371 3769 444 3817 mani
456 3782 574 3831 quorum
586 3769 703 3831 vectigal
720 3768 753 3816 ad
769 3769 897 3818 aerarium
910 3770 1030 3832 pertinet
1041 3785 1053 3816 u
1065 3789 1096 3811 =
1106 3769 1218 3833 Hygin,
1237 3769 1289 3828 111,
1307 3769 1335 3820 16
1345 3789 1376 3813 =
1387 3771 1434 3820 Ta-

372 3858 430 3916 cit,
447 3863 533 3916 aion„
550 3857 622 3919 XIV,
642 3857 678 3906 18.

403 3947 436 4010 (1)
455 3947 514 3996 Hoc
531 3948 659 4010 probavit
673 3946 881 4008 Mommsenius,
897 3952 926 3999 S.
941 3951 981 4010 11,,
997 3948 1031 4008 ΙΙ,
1046 3948 1070 4004 1.
1089 3949 1109 4010 1,
1125 3948 1172 3998 ΝᾸ.
1187 3948 1229 4000 Cf.
1242 3949 1339 4008 Tacit„
1349 3955 1434 4010 Aram,

375 4035 428 4097 ΙΙΙ,
441 4034 479 4083 18.
501 4035 563 4086 Dio.
582 4033 674 4093 Cass,
691 4035 767 4096 LIII,
783 4035 806 4087 1,
824 4035 951 4095 Sueton„
968 4041 1055 4098 Auo,
1068 4036 1097 4086 31
1112 4051 1118 4085 :
1136 4053 1148 4082 n
1163 4037 1238 4086 Loca
1251 4037 1280 4085 in
1294 4037 1369 4087 Urbe
1384 4052 1435 4101 pu-

375 4125 447 4173 blica
464 4125 533 4172 iuris
549 4124 670 4187 ambigui
683 4125 892 4187 possessoribus
907 4125 1116 4176 adiudicavit=
1126 4125 1220 4184 Orelli,
1235 4125 1292 4176 1031
1307 4126 1344 4189 (C.
1358 4133 1379 4176 1.
1395 4132 1435 4177 t..

375 4213 408 4275 X,
425 4211 514 4276 tutet:
531 4213 705 4277 (Vespasiani
721 4215 886 4278 rescriptum
903 4214 936 4263 ad
952 4214 1135 4278 Vanacinos):
1185 4216 1319 4264 beneficia
1333 4217 1435 4266 tributa

375 4303 453 4352 vobis
470 4305 502 4352 ab
519 4303 584 4352 divo
597 4303 722 4368 Augusto
738 4308 801 4368 post
816 4305 964 4368 septimum
979 4306 1165 4367 consulatum,
1182 4306 1296 4369 quaein
1312 4310 1435 4369 tempore

377 4391 478 4442 Galbae
494 4393 647 4442 retinuistis
661 4393 840 4444 confirm0.—
852 4393 948 4453 Orelli,
962 4393 1023 4444 3118
1036 4393 1196 4457 (Domitiani
1211 4396 1350 4451 sententIa
1363 4396 1435 4444 inter
