3450 5234
715 649 755 663 ..
776 615 813 680 35
835 649 875 663 -

265 759 327 848 qui
356 756 476 830 neseio
505 775 552 827 an
582 753 689 827 iidem
722 756 796 828 sint
826 774 867 827 ao
895 754 1008 827 saltus
1040 754 1093 826 illi
1123 755 1322 827 Carminia-

265 901 396 956 nenses
423 882 573 974 Apuliae
597 888 632 954 et
656 881 859 965 Calabriae,
892 881 930 952 in
955 880 1086 952 Notitia
1111 880 1325 972 dignitatum

266 1005 452 1078 memorati
474 1030 483 1075 :
506 1006 571 1077 bos
591 1011 710 1077 tamen
737 1005 857 1096 potius
885 1004 931 1077 ad
957 1005 1083 1077 liscum
1111 1006 1329 1096 pertinuisse

267 1131 471 1222 putavimus
492 1126 557 1223 (1).

317 1255 464 1328 Fundus
498 1254 678 1337 silbanus,
714 1254 817 1327 uillae
851 1254 989 1328 ricinus
1027 1252 1101 1350 (2l;
1136 1293 1185 1309 -
1218 1257 1330 1329 saltus

269 1379 495 1452 Domitianus
521 1375 592 1473 (5);
615 1377 827 1469 —praedia
853 1379 1036 1451 Luoiliana
1066 1376 1139 1473 (l);
1162 1419 1210 1430 -
1227 1398 1329 1471 prae·

271 1505 330 1577 dia
344 1504 506 1575 Galliana
522 1499 569 1598 (5)
586 1523 594 1590 ;
613 1543 656 1554 -
675 1503 821 1595 praedia
836 1503 1011 1576 Galbiana
1025 1505 1080 1576 rel
1096 1505 1268 1591 Galbana‚
1287 1505 1332 1577 ad

271 1630 485 1701 Aventinum
506 1629 594 1710 sita,
616 1629 654 1699 in
675 1627 808 1718 quibus
826 1635 928 1700 erant
956 1629 1084 1701 borrea
1102 1630 1234 1702 Galbae
1256 1627 1303 1724 (6)
1321 1655 1330 1713 ;

271 1793 319 1804 -
337 1752 484 1845 praedia
501 1753 694 1834 Maeniana,
710 1751 861 1824 fortasse
879 1771 943 1844 per
961 1733 1251 1826 mnfisoationem
1268 1753 1335 1825 Vo-

271 1880 413 1951 lusiano
433 1878 611 1950 blaeoiano
631 1878 899 1961 iurisconsulta
919 1878 1035 1950 Avidii
1055 1878 1168 1950 Cassii
1189 1879 1331 1963 fautori,

272 2010 393 2095 erepta
424 1999 497 2097 (7);
522 2042 570 2053 -
594 2002 739 2094 praedia
766 2003 1008 2075 Statoniensia
1032 2003 1070 2074 in
1098 2005 1239 2075 Etruria
1260 2001 1331 2098 (8);

272 2167 321 2223 5-
339 2127 484 2219 praedia
504 2124 712 2198 Peduoanea
731 2133 765 2198 et
789 2127 1011 2198 Romaniana
1035 2123 1099 2221 (9).
1123 2167 1167 2178 -
1189 2127 1335 2219 praedia

273 2253 366 2324 eirea
392 2252 511 2322 Polam
539 2239 577 2321 in
605 2249 738 2321 Histria
757 2250 842 2333 sita,
867 2251 1206 2342 quaeamplissima
1225 2251 1336 2325 tuisse

273 2376 440 2448 videnlur
459 2371 529 2468 (10)
546 2398 555 2457 ;
574 2414 621 2425 -
637 2373 770 2445 lundus
791 2374 1033 2456 Antonianos,
1055 2375 1093 2446 in
1113 2375 1169 2446 uia
1189 2376 1337 2449 Claudia

273 2519 384 2593 prope
404 2502 551 2572 Romam
567 2499 672 2581 situs,
688 2499 940 2590 Euolesiaeque
959 2501 1139 2572 Romanae
1158 2491 1338 2593 sub'papa

274 2627 390 2700 Marco
414 2645 435 2696 a
454 2625 689 2698 Constantino
709 2643 922 2712 consessus,
943 2643 1052 2716 quem
1072 2627 1219 2698 Rossius
1239 2645 1338 2699 eum·

275 2750 358 2822 dem
386 2769 465 2823 esse
492 2749 642 2840 oonjeoit
670 2769 711 2820 ao
738 2749 889 2821 lundum
918 2749 1019 2821 illum
1053 2750 1154 2823 ouius
1182 2751 1338 2842 aliquam

275 2883 412 2968 partem
451 2875 667 2967 praetorium
706 2876 810 2948 Tusoi
849 2876 1066 2967 appellatam
1105 2895 1184 2949 esse
1217 2878 1339 2950 Passio

275 3001 469 3073 Alexandri
490 2999 642 3082 indicat,
667 3000 712 3072 ab
732 3001 849 3071 Annio
875 3002 1007 3087 Tusco,
1034 3008 1134 3092 patre
1154 3003 1340 3075 Pescennii

310 3233 343 3296 (1)
357 3232 428 3282 Vide
444 3247 536 3297 supra.

310 3320 344 3385 (2)
360 3321 431 3384 Dig„
449 3321 534 3384 XXX,
551 3321 589 3383 39,
607 3321 628 3370 8.

311 3409 343 3473 (3)
360 3414 385 3459 c.
402 3415 423 3459 1.
437 3415 477 3471 L„
492 3410 541 3469 ΙΙΙ,
558 3410 612 3459 536.

310 3497 343 3560 (i)
359 3503 379 3548 1.
396 3504 439 3559 Ν,,
453 3499 515 3549 6866
530 3513 536 3547 τ
553 3515 565 3545 n
581 3497 724 3546 Fortunati
741 3497 881 3557 Caesaris,
896 3512 922 3548 n.
938 3512 991 3548 ser.
1008 3499 1146 3548 exactoris
1168 3499 1344 3562 praediorum

279 3587 496 3638 Lucilianorum.
514 3603 527 3634 r>

312 3677 346 3739 (5)
360 3681 386 3727 C.
402 3681 422 3727 i.
438 3680 478 3736 1..,
495 3677 543 3738 ΙΙΙ,
558 3677 603 3726 536
614 3691 620 3726 :
631 3693 643 3724 u
655 3677 733 3726 Proc.
752 3681 779 3726 at
794 3678 908 3741 praedia
922 3677 1133 3731 Gallianates.
1151 3680 1232 3740 Plin.‚
1249 3680 1282 3731 Η.
1299 3680 1345 3738 Ν..

280 3764 394 3825 111,15‚
412 3764 456 3814 116
476 3779 482 3813 :
504 3780 516 3811 u
536 3764 629 3814 Saltus
651 3764 768 3814 Gallieni
791 3767 838 3830 qui
858 3768 1089 3830 cognominantur
1108 3768 1270 3831 Aquinates.
1287 3785 1300 3816 a
1315 3797 1346 3806 -
1380 3775 1384 3784 ’

282 3853 361 3913 Quae
376 3853 489 3916 praedia
504 3853 599 3903 eadem
615 3867 675 3903 esse
691 3870 722 3904 ac
734 3855 781 3903 illa
797 3870 867 3919 quae
880 3856 1001 3907 vidimus
1015 3859 1163 3919 oectlyela'a
1177 3861 1277 3919 populi
1291 3862 1345 3908 Ro-

282 3947 364 3993 mani
379 3947 537 4003 Gallicana,
553 3942 756 3995 Hirchsfeldius
772 3950 869 3995 contra
883 3945 1093 3997 Mommsenium
1108 3952 1200 4011 negat.

313 4029 347 4094 (6)
363 4031 433 4080 Vide
448 4045 540 4095 supro.

314 4119 349 4184 (7)
363 4119 458 4184 Orelli,
475 4122 545 4174 5015,

315 4209 350 4274 (8)
365 4211 403 4261 Ut
418 4212 532 4263 coniicit
546 4212 644 4262 Marini
660 4213 695 4263 ad
709 4222 739 4263 η’
753 4214 805 4264 tlt.

314 4299 349 4365 (9)
364 4305 390 4351 6.
407 4307 429 4353 1.
442 4306 482 4364 L„
496 4302 543 4364 Vl,
558 4303 614 4366 276,
629 4303 683 4354 721.

317 4389 366 4454 (tu)
383 4394 410 4442 c.
426 4396 448 4440 Ι.
463 4395 503 4454 L.,
519 4391 553 4454 V,
569 4391 597 4442 ll
615 4395 714 4455 etseq.
