<?xml version="1.0" encoding="UTF-8"?>
<!DOCTYPE html PUBLIC "-//W3C//DTD XHTML 1.0 Transitional//EN"
    "http://www.w3.org/TR/xhtml1/DTD/xhtml1-transitional.dtd">
<html xmlns="http://www.w3.org/1999/xhtml" xml:lang="en" lang="en">
 <head>
  <title>
</title>
<meta http-equiv="Content-Type" content="text/html;charset=utf-8" />
  <meta name='ocr-system' content='tesseract 3.04.00' />
  <meta name='ocr-capabilities' content='ocr_page ocr_carea ocr_par ocr_line ocrx_word'/>
</head>
<body>
  <div class='ocr_page' id='page_1' title='image "./deagrispublicis00lcgoog_0106.png"; bbox 0 0 3450 5234; ppageno 0'>
   <div class='ocr_carea' id='block_1_1' title="bbox 753 1414 1114 1489">
    <p class='ocr_par' dir='ltr' id='par_1_1' title="bbox 753 1414 1114 1489">
     <span class='ocr_line' id='line_1_1' title="bbox 753 1414 1114 1489; baseline -0.011 0"><span class='ocrx_word' id='word_1_1' title='bbox 753 1414 897 1489; x_wconf 78' lang='lat' dir='ltr'><strong>CAPUT</strong></span> <span class='ocrx_word' id='word_1_2' title='bbox 922 1414 1114 1489; x_wconf 75' lang='lat' dir='ltr'>sutirum.</span> 
     </span>
    </p>
   </div>
   <div class='ocr_carea' id='block_1_2' title="bbox 405 1768 1470 1949">
    <p class='ocr_par' dir='ltr' id='par_1_2' title="bbox 405 1768 1470 1949">
     <span class='ocr_line' id='line_1_2' title="bbox 405 1768 1470 1823; baseline 0 0"><span class='ocrx_word' id='word_1_3' title='bbox 405 1772 450 1823; x_wconf 80' lang='lat' dir='ltr'>DE</span> <span class='ocrx_word' id='word_1_4' title='bbox 474 1768 630 1823; x_wconf 70' lang='lat' dir='ltr'>Pacuuius</span> <span class='ocrx_word' id='word_1_5' title='bbox 653 1769 762 1821; x_wconf 76' lang='lat' dir='ltr'>unciis</span> <span class='ocrx_word' id='word_1_6' title='bbox 784 1769 875 1822; x_wconf 78' lang='lat' dir='ltr'><strong>APUD</strong></span> <span class='ocrx_word' id='word_1_7' title='bbox 895 1769 1133 1823; x_wconf 72' lang='lat' dir='ltr'>cassionofluu</span> <span class='ocrx_word' id='word_1_8' title='bbox 1152 1770 1193 1822; x_wconf 81' lang='lat' dir='ltr'>ET</span> <span class='ocrx_word' id='word_1_9' title='bbox 1211 1770 1470 1823; x_wconf 76' lang='lat' dir='ltr'>Ecctnsrasrlcrs</span> 
     </span>
     <span class='ocr_line' id='line_1_3' title="bbox 688 1893 1187 1949; baseline -0.004 -1"><span class='ocrx_word' id='word_1_10' title='bbox 688 1894 779 1948; x_wconf 76' lang='lat' dir='ltr'><strong>APUD</strong></span> <span class='ocrx_word' id='word_1_11' title='bbox 806 1893 1005 1948; x_wconf 73' lang='lat' dir='ltr'>concenturi</span> <span class='ocrx_word' id='word_1_12' title='bbox 1031 1894 1187 1949; x_wconf 69' lang='lat' dir='ltr'>uacuum.</span> 
     </span>
    </p>
   </div>
   <div class='ocr_carea' id='block_1_3' title="bbox 408 2208 1478 3923">
    <p class='ocr_par' dir='ltr' id='par_1_3' title="bbox 408 2208 1474 3045">
     <span class='ocr_line' id='line_1_4' title="bbox 457 2208 1472 2302; baseline 0 -20"><span class='ocrx_word' id='word_1_13' title='bbox 457 2210 589 2282; x_wconf 85' lang='lat' dir='ltr'>Eodem</span> <span class='ocrx_word' id='word_1_14' title='bbox 610 2208 717 2282; x_wconf 88' lang='lat' dir='ltr'>modo</span> <span class='ocrx_word' id='word_1_15' title='bbox 737 2208 845 2281; x_wconf 88' lang='lat' dir='ltr'>etiam</span> <span class='ocrx_word' id='word_1_16' title='bbox 867 2209 935 2281; x_wconf 89' lang='lat' dir='ltr'>sub</span> <span class='ocrx_word' id='word_1_17' title='bbox 955 2209 1178 2300; x_wconf 81' lang='lat' dir='ltr'>Ostrogothis</span> <span class='ocrx_word' id='word_1_18' title='bbox 1197 2210 1343 2301; x_wconf 87' lang='lat' dir='ltr'>praedia</span> <span class='ocrx_word' id='word_1_19' title='bbox 1361 2210 1472 2302; x_wconf 90' lang='lat' dir='ltr'>impe-</span> 
     </span>
     <span class='ocr_line' id='line_1_5' title="bbox 408 2334 1473 2425; baseline -0.001 -18"><span class='ocrx_word' id='word_1_20' title='bbox 408 2335 511 2407; x_wconf 87' lang='lat' dir='ltr'>rialia</span> <span class='ocrx_word' id='word_1_21' title='bbox 540 2334 790 2406; x_wconf 87' lang='lat' dir='ltr'>administrata</span> <span class='ocrx_word' id='word_1_22' title='bbox 817 2352 897 2407; x_wconf 89' lang='lat' dir='ltr'>csse</span> <span class='ocrx_word' id='word_1_23' title='bbox 921 2334 1123 2406; x_wconf 86' lang='lat' dir='ltr'>Cassiodori</span> <span class='ocrx_word' id='word_1_24' title='bbox 1151 2334 1281 2425; x_wconf 87' lang='lat' dir='ltr'>scripta</span> <span class='ocrx_word' id='word_1_25' title='bbox 1308 2334 1473 2406; x_wconf 87' lang='lat' dir='ltr'>demons-</span> 
     </span>
     <span class='ocr_line' id='line_1_6' title="bbox 408 2456 1473 2553; baseline 0 -21"><span class='ocrx_word' id='word_1_26' title='bbox 408 2465 516 2533; x_wconf 88' lang='lat' dir='ltr'>trant.</span> <span class='ocrx_word' id='word_1_27' title='bbox 552 2461 591 2531; x_wconf 93' lang='lat' dir='ltr'>In</span> <span class='ocrx_word' id='word_1_28' title='bbox 627 2459 780 2531; x_wconf 78' lang='lat' dir='ltr'>formula</span> <span class='ocrx_word' id='word_1_29' title='bbox 815 2459 1000 2531; x_wconf 83' lang='lat' dir='ltr'>comitivae</span> <span class='ocrx_word' id='word_1_30' title='bbox 1033 2459 1249 2550; x_wconf 87' lang='lat' dir='ltr'>privatarum</span> <span class='ocrx_word' id='word_1_31' title='bbox 1287 2456 1334 2553; x_wconf 88' lang='lat' dir='ltr'>(I)</span> <span class='ocrx_word' id='word_1_32' title='bbox 1373 2466 1473 2532; x_wconf 88' lang='lat' dir='ltr'>curat</span> 
     </span>
     <span class='ocr_line' id='line_1_7' title="bbox 409 2582 1470 2675; baseline 0 -20"><span class='ocrx_word' id='word_1_33' title='bbox 409 2583 528 2656; x_wconf 88' lang='lat' dir='ltr'>adhuc</span> <span class='ocrx_word' id='word_1_34' title='bbox 546 2602 663 2656; x_wconf 90' lang='lat' dir='ltr'>comes</span> <span class='ocrx_word' id='word_1_35' title='bbox 683 2583 745 2655; x_wconf 88' lang='lat' dir='ltr'>iiie</span> <span class='ocrx_word' id='word_1_36' title='bbox 764 2582 821 2654; x_wconf 93' lang='lat' dir='ltr'>ius</span> <span class='ocrx_word' id='word_1_37' title='bbox 840 2584 1106 2675; x_wconf 87' lang='lat' dir='ltr'>perpetuarium</span> <span class='ocrx_word' id='word_1_38' title='bbox 1134 2590 1168 2655; x_wconf 91' lang='lat' dir='ltr'>et</span> <span class='ocrx_word' id='word_1_39' title='bbox 1192 2582 1287 2655; x_wconf 87' lang='lat' dir='ltr'>bona</span> <span class='ocrx_word' id='word_1_40' title='bbox 1312 2582 1470 2667; x_wconf 87' lang='lat' dir='ltr'>caduca;</span> 
     </span>
     <span class='ocr_line' id='line_1_8' title="bbox 409 2696 1472 2801; baseline 0.001 -21"><span class='ocrx_word' id='word_1_41' title='bbox 409 2716 592 2801; x_wconf 88' lang='lat' dir='ltr'>praeterea</span> <span class='ocrx_word' id='word_1_42' title='bbox 609 2696 794 2800; x_wconf 82' lang='lat' dir='ltr'>providere</span> <span class='ocrx_word' id='word_1_43' title='bbox 811 2707 917 2781; x_wconf 86' lang='lat' dir='ltr'>dehet</span> <span class='ocrx_word' id='word_1_44' title='bbox 936 2727 981 2780; x_wconf 93' lang='lat' dir='ltr'>ne</span> <span class='ocrx_word' id='word_1_45' title='bbox 1002 2709 1229 2781; x_wconf 88' lang='lat' dir='ltr'>matrimonia</span> <span class='ocrx_word' id='word_1_46' title='bbox 1248 2709 1372 2781; x_wconf 88' lang='lat' dir='ltr'>illicita</span> <span class='ocrx_word' id='word_1_47' title='bbox 1390 2727 1472 2781; x_wconf 90' lang='lat' dir='ltr'>con·</span> 
     </span>
     <span class='ocr_line' id='line_1_9' title="bbox 410 2832 1474 2923; baseline 0.002 -19"><span class='ocrx_word' id='word_1_48' title='bbox 410 2832 616 2912; x_wconf 80' lang='lat' dir='ltr'><strong>trahantur,</strong></span> <span class='ocrx_word' id='word_1_49' title='bbox 638 2838 700 2903; x_wconf 90' lang='lat' dir='ltr'>aut</span> <span class='ocrx_word' id='word_1_50' title='bbox 718 2832 881 2923; x_wconf 88' lang='lat' dir='ltr'>sepulcra</span> <span class='ocrx_word' id='word_1_51' title='bbox 901 2832 1078 2904; x_wconf 89' lang='lat' dir='ltr'>violentur</span> <span class='ocrx_word' id='word_1_52' title='bbox 1099 2858 1107 2903; x_wconf 92' lang='lat'>:</span> <span class='ocrx_word' id='word_1_53' title='bbox 1128 2851 1220 2923; x_wconf 87' lang='lat' dir='ltr'>quae</span> <span class='ocrx_word' id='word_1_54' title='bbox 1239 2852 1330 2904; x_wconf 83' lang='lat' dir='ltr'>nora</span> <span class='ocrx_word' id='word_1_55' title='bbox 1349 2835 1474 2906; x_wconf 88' lang='lat' dir='ltr'>munia</span> 
     </span>
     <span class='ocr_line' id='line_1_10' title="bbox 410 2955 1124 3045; baseline 0.001 -19"><span class='ocrx_word' id='word_1_56' title='bbox 410 2974 482 3045; x_wconf 88' lang='lat' dir='ltr'>quo</span> <span class='ocrx_word' id='word_1_57' title='bbox 501 2962 661 3045; x_wconf 88' lang='lat' dir='ltr'>tempore</span> <span class='ocrx_word' id='word_1_58' title='bbox 679 2955 905 3044; x_wconf 82' lang='lat' dir='ltr'>acquisierit,</span> <span class='ocrx_word' id='word_1_59' title='bbox 929 2956 1124 3027; x_wconf 83' lang='lat' dir='ltr'>nescimus</span> 
     </span>
    </p>

    <p class='ocr_par' dir='ltr' id='par_1_4' title="bbox 410 3076 1478 3923">
     <span class='ocr_line' id='line_1_11' title="bbox 459 3076 1469 3177; baseline 0.005 -28"><span class='ocrx_word' id='word_1_60' title='bbox 459 3076 513 3149; x_wconf 77' lang='lat' dir='ltr'>Ad</span> <span class='ocrx_word' id='word_1_61' title='bbox 549 3079 751 3168; x_wconf 82' lang='lat' dir='ltr'>exemplum</span> <span class='ocrx_word' id='word_1_62' title='bbox 790 3086 908 3150; x_wconf 91' lang='lat' dir='ltr'>autem</span> <span class='ocrx_word' id='word_1_63' title='bbox 944 3079 1125 3151; x_wconf 75' lang='lat' dir='ltr'>anastasii</span> <span class='ocrx_word' id='word_1_64' title='bbox 1161 3082 1385 3172; x_wconf 89' lang='lat' dir='ltr'>imperatoris</span> <span class='ocrx_word' id='word_1_65' title='bbox 1422 3082 1469 3177; x_wconf 68' lang='grc' dir='ltr'>(Ι)</span> 
     </span>
     <span class='ocr_line' id='line_1_12' title="bbox 410 3201 1476 3300; baseline 0.005 -28"><span class='ocrx_word' id='word_1_66' title='bbox 410 3201 615 3273; x_wconf 87' lang='lat' dir='ltr'>institutum</span> <span class='ocrx_word' id='word_1_67' title='bbox 630 3201 742 3273; x_wconf 80' lang='lat' dir='ltr'>fuisse</span> <span class='ocrx_word' id='word_1_68' title='bbox 760 3222 781 3273; x_wconf 88' lang='lat' dir='ltr'>a</span> <span class='ocrx_word' id='word_1_69' title='bbox 796 3202 1013 3275; x_wconf 85' lang='lat' dir='ltr'>Theodorico</span> <span class='ocrx_word' id='word_1_70' title='bbox 1034 3223 1165 3276; x_wconf 90' lang='lat' dir='ltr'>novum</span> <span class='ocrx_word' id='word_1_71' title='bbox 1185 3204 1346 3281; x_wconf 78' lang='lat' dir='ltr'>comitem</span> <span class='ocrx_word' id='word_1_72' title='bbox 1360 3206 1476 3300; x_wconf 76' lang='lat' dir='ltr'>pocri-</span> 
     </span>
     <span class='ocr_line' id='line_1_13' title="bbox 411 3325 1471 3423; baseline 0.01 -29"><span class='ocrx_word' id='word_1_73' title='bbox 411 3325 523 3395; x_wconf 78' lang='lat' dir='ltr'>monii</span> <span class='ocrx_word' id='word_1_74' title='bbox 546 3326 709 3398; x_wconf 86' lang='lat' dir='ltr'>ridemus</span> <span class='ocrx_word' id='word_1_75' title='bbox 736 3326 782 3399; x_wconf 91' lang='lat' dir='ltr'>ad</span> <span class='ocrx_word' id='word_1_76' title='bbox 809 3329 1004 3419; x_wconf 81' lang='lat' dir='ltr'>regendum</span> <span class='ocrx_word' id='word_1_77' title='bbox 1036 3349 1166 3402; x_wconf 88' lang='lat' dir='ltr'>novum</span> <span class='ocrx_word' id='word_1_78' title='bbox 1194 3332 1471 3423; x_wconf 87' lang='lat' dir='ltr'>patrimonium,</span> 
     </span>
     <span class='ocr_line' id='line_1_14' title="bbox 412 3450 1475 3551; baseline 0.008 -28"><span class='ocrx_word' id='word_1_79' title='bbox 412 3450 535 3523; x_wconf 89' lang='lat' dir='ltr'>domui</span> <span class='ocrx_word' id='word_1_80' title='bbox 561 3450 704 3523; x_wconf 89' lang='lat' dir='ltr'>divinae</span> <span class='ocrx_word' id='word_1_81' title='bbox 728 3452 831 3525; x_wconf 86' lang='lat' dir='ltr'>valde</span> <span class='ocrx_word' id='word_1_82' title='bbox 859 3454 994 3537; x_wconf 88' lang='lat' dir='ltr'>simile,</span> <span class='ocrx_word' id='word_1_83' title='bbox 1018 3457 1173 3547; x_wconf 88' lang='lat' dir='ltr'>usuique</span> <span class='ocrx_word' id='word_1_84' title='bbox 1192 3458 1393 3549; x_wconf 79' lang='lat' dir='ltr'>principum</span> <span class='ocrx_word' id='word_1_85' title='bbox 1414 3477 1475 3551; x_wconf 89' lang='lat' dir='ltr'>pc-</span> 
     </span>
     <span class='ocr_line' id='line_1_15' title="bbox 412 3564 1477 3668; baseline 0.008 -21"><span class='ocrx_word' id='word_1_86' title='bbox 412 3578 535 3648; x_wconf 88' lang='lat' dir='ltr'>cuiiari</span> <span class='ocrx_word' id='word_1_87' title='bbox 556 3578 752 3668; x_wconf 84' lang='lat' dir='ltr'>palatiique</span> <span class='ocrx_word' id='word_1_88' title='bbox 774 3580 1047 3653; x_wconf 87' lang='lat' dir='ltr'>necessitatibus</span> <span class='ocrx_word' id='word_1_89' title='bbox 1072 3564 1304 3655; x_wconf 87' lang='lat' dir='ltr'>destinatum.</span> <span class='ocrx_word' id='word_1_90' title='bbox 1328 3584 1477 3657; x_wconf 84' lang='lat' dir='ltr'>Praedia</span> 
     </span>
     <span class='ocr_line' id='line_1_16' title="bbox 414 3701 1476 3792; baseline 0.008 -20"><span class='ocrx_word' id='word_1_91' title='bbox 414 3701 521 3773; x_wconf 88' lang='lat' dir='ltr'>huius</span> <span class='ocrx_word' id='word_1_92' title='bbox 550 3702 757 3792; x_wconf 90' lang='lat' dir='ltr'>patrimonii</span> <span class='ocrx_word' id='word_1_93' title='bbox 784 3704 890 3776; x_wconf 91' lang='lat' dir='ltr'>etiam</span> <span class='ocrx_word' id='word_1_94' title='bbox 919 3704 1095 3777; x_wconf 83' lang='lat' dir='ltr'>libellario</span> <span class='ocrx_word' id='word_1_95' title='bbox 1123 3706 1226 3779; x_wconf 88' lang='lat' dir='ltr'>titulo</span> <span class='ocrx_word' id='word_1_96' title='bbox 1253 3707 1476 3781; x_wconf 90' lang='lat' dir='ltr'>conductori-</span> 
     </span>
     <span class='ocr_line' id='line_1_17' title="bbox 413 3826 1478 3923; baseline 0.008 -24"><span class='ocrx_word' id='word_1_97' title='bbox 413 3826 501 3912; x_wconf 87' lang='lat' dir='ltr'>bus,</span> <span class='ocrx_word' id='word_1_98' title='bbox 526 3828 619 3901; x_wconf 89' lang='lat' dir='ltr'>ioter</span> <span class='ocrx_word' id='word_1_99' title='bbox 646 3848 736 3920; x_wconf 85' lang='lat' dir='ltr'>quos</span> <span class='ocrx_word' id='word_1_100' title='bbox 763 3837 945 3903; x_wconf 81' lang='lat' dir='ltr'>senatores</span> <span class='ocrx_word' id='word_1_101' title='bbox 972 3832 1214 3923; x_wconf 90' lang='lat' dir='ltr'>reperiuntur,</span> <span class='ocrx_word' id='word_1_102' title='bbox 1241 3835 1413 3909; x_wconf 86' lang='lat' dir='ltr'>committi</span> <span class='ocrx_word' id='word_1_103' title='bbox 1442 3842 1478 3908; x_wconf 90' lang='lat' dir='ltr'>et</span> 
     </span>
    </p>
   </div>
   <div class='ocr_carea' id='block_1_4' title="bbox 418 4135 1474 4381">
    <p class='ocr_par' dir='ltr' id='par_1_5' title="bbox 418 4135 1474 4381">
     <span class='ocr_line' id='line_1_18' title="bbox 445 4135 1338 4207; baseline 0.01 -22"><span class='ocrx_word' id='word_1_104' title='bbox 445 4135 479 4200; x_wconf 86' lang='lat'>(1)</span> <span class='ocrx_word' id='word_1_105' title='bbox 495 4142 569 4197; x_wconf 73' lang='lat' dir='ltr'>var„</span> <span class='ocrx_word' id='word_1_106' title='bbox 586 4137 633 4197; x_wconf 92' lang='lat' dir='ltr'>VI,</span> <span class='ocrx_word' id='word_1_107' title='bbox 650 4139 672 4189; x_wconf 89' lang='grc'>8.</span> <span class='ocrx_word' id='word_1_108' title='bbox 689 4138 807 4199; x_wconf 87' lang='lat' dir='ltr'>Ennod.‚</span> <span class='ocrx_word' id='word_1_109' title='bbox 822 4143 883 4200; x_wconf 69' lang='lat' dir='ltr'>Ep„</span> <span class='ocrx_word' id='word_1_110' title='bbox 901 4139 946 4202; x_wconf 90' lang='lat' dir='ltr'>VI,</span> <span class='ocrx_word' id='word_1_111' title='bbox 965 4140 993 4190; x_wconf 85' lang='lat'>10</span> <span class='ocrx_word' id='word_1_112' title='bbox 1007 4139 1118 4204; x_wconf 82' lang='lat' dir='ltr'>(Migno,</span> <span class='ocrx_word' id='word_1_113' title='bbox 1135 4147 1162 4194; x_wconf 88' lang='lat' dir='ltr'>P.</span> <span class='ocrx_word' id='word_1_114' title='bbox 1178 4146 1218 4202; x_wconf 71' lang='lat' dir='ltr'>L„</span> <span class='ocrx_word' id='word_1_115' title='bbox 1232 4142 1338 4207; x_wconf 89' lang='lat' dir='ltr'>LXIII).</span> 
     </span>
     <span class='ocr_line' id='line_1_19' title="bbox 446 4224 1474 4299; baseline 0.012 -26"><span class='ocrx_word' id='word_1_116' title='bbox 446 4224 479 4287; x_wconf 70' lang='grc' dir='ltr'>(Ι)</span> <span class='ocrx_word' id='word_1_117' title='bbox 495 4224 590 4288; x_wconf 83' lang='lat' dir='ltr'>Lydus</span> <span class='ocrx_word' id='word_1_118' title='bbox 606 4226 640 4275; x_wconf 88' lang='lat' dir='ltr'>de</span> <span class='ocrx_word' id='word_1_119' title='bbox 657 4226 737 4290; x_wconf 65' lang='lat' dir='ltr'>Mag„</span> <span class='ocrx_word' id='word_1_120' title='bbox 751 4228 786 4290; x_wconf 98' lang='grc' dir='ltr'>ΙΙ,</span> <span class='ocrx_word' id='word_1_121' title='bbox 802 4228 840 4278; x_wconf 78' lang='lat'>27.</span> <span class='ocrx_word' id='word_1_122' title='bbox 855 4227 886 4279; x_wconf 86' lang='lat' dir='ltr'>G.</span> <span class='ocrx_word' id='word_1_123' title='bbox 903 4228 980 4288; x_wconf 79' lang='lat' dir='ltr'>lust,</span> <span class='ocrx_word' id='word_1_124' title='bbox 995 4230 1015 4289; x_wconf 88' lang='lat' dir='ltr'>I,</span> <span class='ocrx_word' id='word_1_125' title='bbox 1032 4228 1069 4279; x_wconf 77' lang='lat'>34.</span> <span class='ocrx_word' id='word_1_126' title='bbox 1085 4258 1116 4267; x_wconf 98' lang='lat'>-</span> <span class='ocrx_word' id='word_1_127' title='bbox 1129 4230 1170 4282; x_wconf 84' lang='lat' dir='ltr'>Gi.</span> <span class='ocrx_word' id='word_1_128' title='bbox 1185 4232 1317 4297; x_wconf 74' lang='lat' dir='ltr'>Bocking,</span> <span class='ocrx_word' id='word_1_129' title='bbox 1332 4238 1364 4285; x_wconf 88' lang='lat' dir='ltr'>N.</span> <span class='ocrx_word' id='word_1_130' title='bbox 1380 4240 1421 4295; x_wconf 86' lang='grc' dir='ltr'>Ι).,</span> <span class='ocrx_word' id='word_1_131' title='bbox 1435 4235 1474 4299; x_wconf 93' lang='grc' dir='ltr'>ΙΙ,</span> 
     </span>
     <span class='ocr_line' id='line_1_20' title="bbox 418 4311 1148 4381; baseline 0.011 -19"><span class='ocrx_word' id='word_1_132' title='bbox 418 4311 455 4372; x_wconf 88' lang='grc' dir='ltr'>ΙΙ,</span> <span class='ocrx_word' id='word_1_133' title='bbox 471 4327 497 4375; x_wconf 92' lang='lat' dir='ltr'>p.</span> <span class='ocrx_word' id='word_1_134' title='bbox 513 4312 567 4365; x_wconf 81' lang='lat'>375.</span> <span class='ocrx_word' id='word_1_135' title='bbox 581 4312 749 4375; x_wconf 84' lang='lat' dir='ltr'>Cassiodor.,</span> <span class='ocrx_word' id='word_1_136' title='bbox 767 4321 841 4376; x_wconf 70' lang='lat' dir='ltr'>var„</span> <span class='ocrx_word' id='word_1_137' title='bbox 855 4317 903 4378; x_wconf 89' lang='lat' dir='ltr'>VI,</span> <span class='ocrx_word' id='word_1_138' title='bbox 919 4318 947 4378; x_wconf 86' lang='grc'>9;</span> <span class='ocrx_word' id='word_1_139' title='bbox 962 4317 1008 4379; x_wconf 92' lang='grc' dir='ltr'>ΙΧ,</span> <span class='ocrx_word' id='word_1_140' title='bbox 1026 4319 1053 4380; x_wconf 89' lang='grc'>3;</span> <span class='ocrx_word' id='word_1_141' title='bbox 1071 4320 1091 4381; x_wconf 90' lang='grc' dir='ltr'>Ι,</span> <span class='ocrx_word' id='word_1_142' title='bbox 1112 4320 1148 4371; x_wconf 87' lang='grc'>16.</span> 
     </span>
    </p>
   </div>
   <div class='ocr_carea' id='block_1_5' title="bbox 0 0 1750 5234">
    <p class='ocr_par' dir='ltr' id='par_1_6' title="bbox 0 0 1750 5234">
     <span class='ocr_line' id='line_1_21' title="bbox 0 0 1750 5234; baseline 0 0"><span class='ocrx_word' id='word_1_143' title='bbox 0 0 1750 5234; x_wconf 95' lang='lat' dir='ltr'> </span> 
     </span>
    </p>
   </div>
  </div>
 </body>
</html>
