3450 5234
857 592 1019 673 &80-

406 731 461 801 oei
478 727 693 822 respublicae
713 728 872 823 praedio
894 729 1144 823 possessoribus
1161 735 1243 799 suet
1263 728 1469 801 odiodiooto

402 854 649 948 perpetuariis
673 852 781 949 (1).»

457 984 494 1053 3⁰
528 981 641 1073 Agros
671 980 1029 1087 urhium'vectigales
1056 981 1160 1072 quasi
1188 982 1470 1075 emphyteutioos

406 1106 477 1179 sihi
499 1105 602 1197 lingit
620 1108 658 1177 in
675 1107 827 1197 Digestis
843 1105 1084 1178 Tribonianus
1103 1096 1171 1201 (ih
1189 1106 1333 1179 eosdem
1350 1114 1469 1179 autem

406 1232 489 1304 illos
508 1249 612 1324 agros
632 1232 710 1304 iure
729 1238 900 1323 perpetuo
921 1232 993 1322 regi
1014 1230 1152 1304 codices
1173 1237 1374 1303 monstrant
1395 1230 1467 1325 (5);

406 1355 505 1428 unde
521 1356 578 1427 ius
596 1356 862 1447 perpetuarium
879 1356 971 1427 nihil
986 1354 1085 1428 aliud
1105 1375 1184 1429 esse
1202 1375 1243 1429 ae
1262 1357 1469 1449 emphyteu-

406 1481 474 1554 sim
497 1487 649 1554 constat.

455 1609 505 1679 Ex
531 1606 589 1678 his
615 1606 723 1699 igitur
747 1608 967 1699 argumentis
992 1615 1131 1681 constat
1154 1626 1247 1679 nova
1273 1626 1310 1680 re
1334 1608 1471 1699 privata

406 1738 486 1822 post
505 1729 764 1803 Diocletianum
791 1730 967 1803 contineri
992 1729 1170 1823 quidquid
1193 1749 1266 1802 non
1286 1731 1332 1804 ad
1351 1750 1469 1804 sacras

406 1852 613 1947 largitiones
634 1856 806 1946 pertinet,
828 1854 963 1928 scilicet
982 1862 1134 1929 veterem
1156 1855 1329 1929 rationem
1349 1857 1467 1949 priva·

404 1988 497 2059 tam,
518 1980 650 2052 lundos
671 1979 829 2061 fiscales,
852 1980 984 2052 lundos
1009 1980 1298 2072 patrimoniales,
1320 1980 1467 2053 domum

404 2104 562 2179 diuinam
581 2113 647 2187 ;‚et
670 2104 852 2196 plerisque
871 2104 1028 2196 praediis
1048 2106 1105 2177 ius
1126 2107 1410 2198 perpetuarium‚
1432 2106 1468 2178 id

344 2322 348 2329 Ι
403 2236 482 2312 est,
512 2229 774 2321 emphyteusim
807 2229 995 2307 adhiberi.
1029 2230 1192 2321 quamvis
1225 2238 1259 2304 et
1291 2232 1361 2303 alia
1396 2232 1470 2303 siut

403 2353 526 2429 omnia
544 2352 684 2427 colendi
704 2370 846 2445 genera.
1460 2419 1462 2423 .

453 2456 603 2569 Propius
618 2496 715 2549 nunc
728 2478 964 2570 inspiciamus
985 2478 1073 2569 quid
1092 2480 1138 2551 slt
1158 2480 1215 2550 ius
1234 2478 1326 2551 illud
1345 2498 1469 2575 perpe·

403 2578 559 2676 tuarium
587 2610 622 2675 et
648 2602 908 2694 emphyteusis.
931 2586 1032 2675 hlulti
1063 2603 1157 2674 enim
1186 2623 1207 2674 a
1235 2602 1312 2675 iure
1339 2622 1466 2695 perpe·

402 2728 519 2802 tuario
545 2727 807 2820 emphyteusim
835 2728 978 2802 differre
1004 2735 1158 2820 putant:
1184 2731 1287 2802 aiunt
1315 2730 1466 2829 emphy-

403 2854 557 2938 teusim,
581 2853 649 2925 hoe
676 2852 913 2927 moribundae
939 2854 1176 2947 agriculturae
1203 2855 1399 2928 remedium
1428 2856 1468 2927 iu

404 2984 531 3069 quarto
552 2983 691 3052 tantum
711 2976 831 3051 seculo
851 2978 1053 3051 institutam
1074 2997 1153 3051 esse
1176 2986 1216 3051 ut
1238 2980 1312 3071 agri
1337 2979 1469 3053 deserti

403 3120 572 3175 concessa
599 3103 754 3193 quadam
784 3103 1012 3175 immunitate
1041 3103 1241 3176 colerentur
1267 3104 1470 3197 iterumque

403 3210 576 3332 solvendo
601 3226 735 3299 tributo
761 3233 886 3318 postea
915 3226 1036 3300 idonei
1065 3226 1213 3308 herent;
1243 3229 1335 3301 hane
1361 3229 1469 3320 igitur

403 3337 543 3425 colendi
580 3349 820 3445 conditionem
861 3352 1183 3444 necessitatemque
1218 3354 1250 3425 ei
1287 3354 1468 3445 propriam

402 3456 535 3560 luisse,
567 3493 686 3571 neque
722 3475 760 3547 in
796 3475 875 3549 iure
909 3478 1135 3569 perpetuario
1168 3495 1286 3569 neque
1318 3476 1356 3548 in
1392 3477 1470 3549 lure

402 3619 567 3697 agrorum
588 3600 810 3693 uectigalium
830 3602 990 3696 reperiri.

452 3725 550 3813 Qua'e
568 3724 691 3799 omnia
708 3725 829 3797 minus
849 3745 930 3799 vera
950 3744 1029 3799 esse
1048 3734 1148 3818 puto.

455 3853 488 3921 l⁰
509 3851 608 3926 Hauc
623 3849 763 3923 colendi
780 3850 1029 3923 necessitatem
1049 3852 1274 3949 emphyteusi
1294 3870 1368 3924 non
1387 3869 1468 3925 esse

447 4182 456 4231 ¹
511 4180 573 4242 ‚m
590 4180 628 4231 a.

434 4179 468 4335 {²3
481 4179 555 4335 gi&
570 4181 619 4331 Ἧῗ
634 4270 657 4333 ³²
675 4270 684 4319 ¹
703 4282 709 4319 ²
726 4285 738 4316 ‘
755 4268 786 4319 ⁸1
801 4264 870 4331 ‘⁸¹0¹‘
884 4240 1055 4331 vesunuh„
1071 4268 1166 4331 (trost
1181 4268 1466 4331 amputassent).

435 4362 469 4425 (3)
484 4360 516 4413 O.
531 4361 610 4420 lust,
626 4360 673 4421 xl,
689 4361 728 4419 71,
744 4360 793 4410 ω,
1118 4356 1122 4367 .
1287 4362 1290 4369 ,
1351 4362 1353 4367 Δ
