3450 5234
831 460 990 520 -86-

381 600 511 672 Contra
529 604 663 678 autern,
681 599 717 668 in
738 598 963 688 emphyteusi
984 596 1132 689 privata,
1150 615 1196 669 ne
1213 597 1281 668 hoe
1298 594 1442 686 quidem

379 725 551 816 temporis
576 724 762 796 intervallo
787 742 946 795 securam
970 722 1046 796 fieri
1070 721 1335 815 possessionem
1355 719 1444 791 ridi-

383 868 476 921 mus.

432 973 499 1060 Qui
533 974 580 1046 sit
609 981 727 1046 autern
762 993 877 1047 canon
908 972 1269 1065 emphyteuticarius‚
1298 972 1446 1064 propius

383 1099 569 1171 rideamus
601 1097 665 1192 (1).
696 1098 749 1170 An
779 1099 912 1171 tributa
941 1098 1141 1179 ordinaria,
1173 1105 1313 1189 praeter
1343 1116 1447 1169 cano·

384 1243 487 1306 nem,
515 1222 732 1306 debeantur,
761 1242 885 1314 parum
916 1224 1042 1313 liquet.
1069 1223 1255 1303 Attamen,
1284 1221 1447 1313 quamvis

384 1351 472 1422 haec
491 1349 597 1422 verba
617 1350 837 1440 reperiamus
860 1376 868 1421 :
898 1376 913 1414 ‹
935 1346 1068 1419 tributo
1087 1355 1120 1417 ct
1142 1368 1333 1429 cononem,
1352 1346 1449 1416 solco

383 1481 577 1546 comoneat
605 1473 804 1545 indecoros
831 1472 1069 1546 collationibus
1094 1470 1140 1568 (2)
1165 1500 1180 1537 ι
1207 1492 1332 1565 parum
1363 1491 1446 1563 pro·

383 1602 503 1675 habite
537 1608 590 1672 est
620 1620 740 1673 verum
777 1600 948 1673 tributum
982 1600 1146 1691 intelIIgi.
1181 1598 1267 1673 Inde
1300 1598 1394 1670 enim
1429 1617 1451 1668 a

386 1726 621 1798 Constantino
656 1727 768 1798 multa
799 1725 984 1816 privilegia
1011 1724 1166 1815 praediis
1193 1724 1346 1804 nostris,
1378 1722 1451 1812 pri·

389 1868 486 1922 mum
517 1851 554 1920 in
577 1849 692 1922 Atrica
721 1858 755 1923 et
782 1851 819 1922 in
840 1850 962 1922 Italiae
987 1857 1107 1939 parte,
1130 1847 1260 1920 deinde
1289 1847 1453 1918 initalia

387 1981 462 2047 tote
482 1976 675 2065 Siciliaque
695 1983 729 2047 et
748 1975 829 2047 aliis
848 1975 1041 2066 provinciis
1065 1972 1112 2069 (3)
1137 1973 1383 2053 conteruntur,
1402 1972 1453 2044 ita

388 2106 428 2170 ut
454 2118 475 2169 a
502 2097 605 2189 gleba
633 2101 831 2181 senatoria,
864 2098 1116 2172 coliationihus
1141 2099 1218 2199 auri
1249 2104 1283 2169 et
1316 2096 1453 2187 argenti

389 2231 424 2295 et
454 2223 623 2296 omnibus
656 2225 951 2297 extraordinarIis
983 2223 1212 2314 sordidisque
1243 2222 1454 2294 muneribus

389 2349 566 2421 immunia
594 2349 668 2422 sint
693 2347 748 2445 (1)
772 2375 780 2420 :
808 2368 850 2422 ea
878 2350 985 2440 igitur
1013 2356 1151 2440 praeter
1180 2366 1352 2421 canonem
1381 2365 1455 2419 ern-

389 2474 688 2565 phyteuticarium
723 2475 810 2547 solis
843 2475 999 2547 annonis
1025 2472 1080 2568 (5)
1103 2475 1223 2545 iuncta
1252 2491 1331 2561 esse
1360 2470 1455 2544 arhi-

388 2608 480 2682 tror,
501 2600 634 2690 quihus
654 2600 834 2673 interdum
858 2601 972 2692 pretIa
990 2600 1166 2682 timnum,
1184 2598 1453 2679 coronationes,

389 2726 557 2797 itinerum
580 2726 816 2815 pontiumque
834 2726 1020 2816 impensae
1040 2726 1202 2815 aliaeque
1222 2724 1330 2795 huius
1351 2740 1456 2812 gene-

393 2850 443 2920 ris
462 2849 721 2939 praestationes
739 2849 1001 2921 adiiciebantur
1021 2847 1086 2944 (6).

441 2974 597 3045 Canonis
618 2973 763 3046 modum
784 2973 944 3047 indicare
963 2973 1106 3047 difficile
1126 2981 1192 3046 est.
1215 2975 1318 3045 Hunc
1336 2972 1455 3059 enim,

392 3106 516 3189 utpote
535 3099 763 3171 auctionibus
781 3100 998 3182 obnoxium,
1015 3119 1125 3191 quum
1146 3117 1372 3191 possessores
1391 3099 1459 3171 aii-

391 3223 455 3313 qui
495 3222 707 3306 deficerent,
736 3224 797 3295 diu
827 3225 1001 3297 incertum
1030 3226 1207 3297 mansisse
1235 3231 1342 3315 patet.
1366 3224 1459 3297 Fieri

392 3354 510 3419 tamen
536 3347 653 3437 potuit
678 3348 714 3417 in
744 3350 871 3441 quinto
899 3352 1018 3422 seculo
1048 3357 1086 3421 ut
1114 3349 1252 3421 tertiam
1280 3350 1458 3421 fructuum

392 3480 528 3563 partem
551 3472 745 3544 conductor
761 3475 1101 3567 emphyteuticarios
1118 3475 1280 3548 solveret.
1295 3478 1345 3546 Ea
1362 3475 1458 3547 enirn

424 3690 458 3755 (1)
474 3690 640 3739 Nominatur
652 3691 736 3740 etiam
752 3696 853 3743 titulos
867 3696 1138 3754 emphyteuticarios
1151 3692 1191 3757 (Ο.
1203 3694 1263 3754 Th,
1278 3695 1311 3753 V,
1330 3694 1366 3754 13,
1381 3693 1427 3757 19).

424 3779 457 3843 (2)
473 3778 504 3829 C.
521 3778 582 3839 Th,
599 3780 632 3841 V,
647 3780 684 3841 13,
698 3781 736 3834 30.
752 3809 783 3818 —
796 3781 826 3832 G.
840 3782 918 3841 lust,
934 3781 980 3839 XI,
995 3783 1033 3842 59,
1049 3783 1072 3832 7.
1091 3786 1092 3791 ’

427 3869 461 3932 (3)
477 3868 507 3920 C.
524 3867 584 3928 Tu,
601 3867 649 3929 XI,
665 3870 710 3930 16;
726 3872 744 3921 1.
763 3871 784 3933 1,
801 3870 825 3930 2,
843 3873 865 3929 5,
883 3870 958 3933 9,12,
976 3870 1011 3922 13.

425 3957 458 4021 (d)
473 3956 504 4008 G.
520 3956 580 4016 Th„
597 3957 630 4019 V,
650 3958 688 4020 tt,
702 3959 724 4009 1.

426 4048 458 4111 (5)
473 4047 504 4097 Ο.
520 4046 580 4108 Th,
596 4046 640 4099 V..
658 4048 695 4108 tt,
713 4051 726 4099 5
733 4062 739 4110 ;
754 4049 801 4108 XI,
820 4049 856 4109 16,
876 4050 911 4100 13.

426 4137 459 4200 (6)
475 4135 505 4186 O.
522 4137 581 4198 Th,
598 4136 659 4199 VII,
678 4138 715 4197 13,
730 4138 760 4198 2,
776 4138 841 4199 XV,
858 4140 882 4199 3,
901 4140 921 4197 1,
938 4139 960 4201 1,
977 4140 999 4190 6.
1016 4139 1046 4191 G.
1062 4140 1141 4201 lust,
1159 4142 1205 4204 XI,
1222 4142 1261 4202 75,
1278 4143 1300 4201 3,
1316 4141 1342 4201 1;
1358 4142 1404 4204 XI,
1420 4140 1459 4201 rt,

396 4226 423 4286 3,
439 4226 510 4276 Nov.
525 4226 674 4289 Theodos,
691 4228 724 4287 V,
739 4228 751 4289 ἃ
765 4228 787 4277 3.
