3450 5234
616 519 618 522 ⁵
716 567 897 629 -zms-

275 705 498 776 honestiores
535 704 755 795 ditioresque
793 725 834 777 ev
874 704 1063 776 senatoriis
1097 704 1242 775 familiis
1278 721 1336 774 or·

276 838 331 903 tos
355 828 419 924 (l),
438 832 492 903 vel
514 833 727 922 plerumque
746 833 840 902 viros
861 832 1072 902 humiliores
1092 831 1339 921 tenuiorisque

275 958 437 1028 fortunae
466 957 526 1047 qui
557 977 663 1048 saepe
689 957 910 1029 multimodis
937 957 1181 1029 evectionibus
1210 975 1338 1028 vexan-

276 1089 345 1154 tur.
373 1082 630 1172 Sic'prohibet
657 1083 844 1173 Gregorius
880 1101 925 1153 ne
957 1081 1110 1153 solidum
1141 1100 1253 1151 unum
1285 1081 1339 1151 vel

276 1206 431 1297 amplius
452 1215 550 1278 extra
575 1207 702 1278 libram
729 1208 765 1277 in
789 1208 964 1297 pensione
987 1208 1188 1296 persolvere
1215 1225 1339 1297 cogan-

276 1338 334 1403 tur
357 1330 421 1424 (2).
445 1331 729 1403 Conductoribus
753 1340 871 1403 autem
898 1332 1070 1422 parebant
1095 1338 1233 1421 praeter
1259 1350 1339 1421 pro·

275 1457 352 1547 pria
373 1456 567 1547 mancipia,
586 1477 677 1547 quae
695 1477 814 1529 seeum
835 1458 1076 1538 advehebant,
1096 1458 1211 1528 coloni
1232 1458 1339 1528 eccle·

276 1581 430 1663 siastici,
451 1581 488 1652 in
514 1582 608 1672 agris
635 1582 792 1662 assidui,
815 1583 987 1671 aquibus
1012 1589 1152 1672 praeter
1176 1599 1336 1650 annuum

276 1706 449 1777 tributum
477 1707 736 1797 praestationes
763 1707 916 1789 multaS,
940 1713 980 1777 ut
1008 1707 1043 1776 in
1075 1707 1168 1778 saltu
1188 1704 1339 1775 Buruni·
1416 1687 1418 1691 ’

278 1836 373 1909 tano,
392 1831 485 1901 inter
503 1851 592 1920 quas
611 1831 768 1923 vrnptt'ole
787 1831 1009 1909 comnvodnm
1029 1831 1250 1922 accipiebant
1272 1829 1282 1923 (
1308 1828 1337 1921 ).

228 1948 231 1955 ’
276 1956 386 2027 Tanta
413 1964 530 2027 autem
557 1957 757 2046 vigilantia,
781 1964 913 2046 quanta
935 1957 1167 2047 imperatores
1187 1958 1224 2026 in
1246 1956 1340 2046 agris

276 2080 453 2152 Ecclesiae
473 2082 618 2152 colonos
639 2100 753 2171 papae
773 2082 928 2153 retinent
951 2078 1016 2174 (1).

325 2206 394 2277 Sed
436 2206 627 2278 fundorum
666 2209 985 2280 ecclesiasticorum
1024 2209 1209 2280 historiam
1247 2209 1340 2279 ultra

277 2332 464 2421 persequi,
497 2352 518 2403 a
547 2335 731 2424 proposito
763 2342 886 2405 nostro
921 2334 1078 2407 alienum
1113 2341 1192 2417 est;
1222 2352 1340 2423 neque

277 2456 388 2546 magis
412 2456 645 2548 inspiciemus
667 2459 970 2550 quemadmodum
995 2460 1249 2551 imperatorum
1277 2460 1339 2531 he·

278 2579 399 2662 redes,
426 2600 524 2672 reges
548 2583 782 2655 harbarorum
810 2593 844 2656 et
869 2584 1097 2675 potissimum
1124 2587 1338 2656 Francorum

277 2710 387 2775 terras
408 2704 547 2777 fiscales
571 2707 900 2779 administraverint
924 2716 958 2781 et
977 2710 1022 2780 ad
1044 2710 1159 2780 varias
1186 2709 1342 2780 necessi-

278 2834 365 2899 tates
385 2829 630 2903 adhibuerint.
649 2830 808 2904 Sufficiat
827 2834 1109 2906 animadvertere
1125 2834 1197 2906 lere
1215 2853 1340 2907 omnes

307 3100 340 3164 (1)
356 3101 393 3151 Ut
407 3104 527 3152 coniicio
542 3118 577 3153 ex
593 3105 654 3164 Xll,
670 3107 708 3158 13.

308 3190 341 3254 (2)
352 3192 455 3241 Itafert
466 3194 511 3243 ille
523 3196 600 3245 locus
611 3198 728 3260 litterae,
743 3200 764 3258 I,
781 3199 819 3258 11,
836 3213 870 3250 ex
886 3204 1080 3265 manuscriptis
1096 3206 1129 3251 ab
1143 3202 1265 3252 Ewaldio
1281 3217 1340 3252 res-

279 3279 376 3329 titutus
391 3280 441 3344 (Gi.
464 3282 630 3346 Mommsen,
646 3291 775 3349 Hermes,
792 3288 851 3352 XV)
868 3304 874 3337 z
890 3305 902 3335 u
923 3272 1106 3341 ¹Exactr'onem
1123 3293 1184 3352 liert
1197 3294 1237 3340 ita
1256 3296 1287 3339 nt
1304 3294 1340 3339 ad

278 3374 464 3431 septuapenos
482 3377 577 3421 ternos
592 3379 708 3426 semis...
723 3381 910 3427 conductores
926 3383 1108 3441 exipantur...
1125 3388 1155 3431 ut
1171 3383 1339 3441 pensionem

171 3466 175 3474 ·
278 3459 447 3518 inteqram...
465 3463 500 3508 ad
516 3467 704 3524 septuapenos
717 3468 798 3514 binos
814 3472 988 3527 persolvant.
1005 3485 1016 3515 n

307 3546 338 3595 In
350 3548 421 3596 libra
435 3548 534 3599 LXXII
554 3553 659 3602 solidos
675 3554 748 3615 dari,
766 3569 817 3605 nee
832 3558 949 3620 amplius
968 3560 1045 3608 iubet
1060 3560 1224 3623 Gregorius;
1240 3561 1278 3610 ita
1293 3576 1339 3610 ca-

278 3633 345 3682 dunt
369 3637 554 3711 omnia-quae
582 3642 739 3692 coniecerat
763 3658 797 3693 ex
820 3650 899 3694 textu
918 3649 1026 3711 vulgari
1045 3648 1175 3699 Savinius
1195 3650 1338 3713 (Savigny,

276 3726 373 3773 Ktoina
388 3729 539 3789 Schriften,
553 3730 588 3792 ll,
604 3744 651 3791 xv,
665 3747 691 3795 p.
707 3733 746 3793 al,
765 3748 792 3786 n.
805 3735 838 3798 i).

306 3812 371 3876 (3)1,
387 3814 417 3864 11
434 3829 440 3864 :
458 3817 615 3869 «Pervenit
631 3823 713 3871 etiam
729 3823 763 3871 ad
778 3837 829 3874 nos
845 3826 920 3888 quod
936 3826 969 3876 de
984 3828 1089 3891 nuptiis
1105 3829 1271 3877 rusticorum
1287 3830 1339 3877 im-

277 3902 417 3951 moderata
432 3907 576 3956 commoda
596 3911 806 3973 percipiantur:
823 3914 857 3963 de
877 3916 977 3977 quihus
997 3918 1181 3980 praecipimus
1200 3922 1231 3966 ut
1247 3920 1339 3968 omnia

277 3992 420 4040 commoda
434 3997 594 4057 nuptiarum
613 4000 697 4049 unius
718 4003 799 4049 solidi
820 4017 953 4053 summam
972 4006 1129 4055 nullatenus
1149 3981 1336 4058 excedant...:

277 4080 350 4141 quod
367 4083 490 4144 nuptiale
510 4088 684 4136 commodum
703 4090 860 4141 nullatenus
878 4094 1005 4143 volumus
1020 4095 1049 4142 in
1063 4098 1186 4143 nostram
1203 4096 1337 4145 rationem

278 4168 374 4232 redigi,
388 4171 436 4219 sed
449 4173 562 4222 utilitati
577 4177 778 4227 conductorum
793 4182 935 4243 proficere.
952 4197 963 4227 n

307 4258 341 4321 (1)
357 4258 481 4323 Gregor.,
497 4267 558 4323 Ep„
570 4264 617 4327 IX,
631 4266 673 4327 19;
688 4266 748 4328 Xll,
764 4268 802 4319 25.
812 4297 843 4305 —
856 4270 969 4335 Pelagii,
985 4271 1006 4333 1,
1021 4276 1081 4334 Ep„
1095 4288 1121 4336 p.
1136 4271 1181 4322 118
1197 4272 1336 4337 (Pelagius

279 4346 374 4400 Melleo
389 4351 578 4417 subdiacono).
