<?xml version="1.0" encoding="UTF-8"?>
<!DOCTYPE html PUBLIC "-//W3C//DTD XHTML 1.0 Transitional//EN"
    "http://www.w3.org/TR/xhtml1/DTD/xhtml1-transitional.dtd">
<html xmlns="http://www.w3.org/1999/xhtml" xml:lang="en" lang="en">
 <head>
  <title>
</title>
<meta http-equiv="Content-Type" content="text/html;charset=utf-8" />
  <meta name='ocr-system' content='tesseract 3.04.00' />
  <meta name='ocr-capabilities' content='ocr_page ocr_carea ocr_par ocr_line ocrx_word'/>
</head>
<body>
  <div class='ocr_page' id='page_1' title='image "./deagrispublicis00lcgoog_0089.png"; bbox 0 0 3450 5234; ppageno 0'>
   <div class='ocr_carea' id='block_1_1' title="bbox 735 506 898 577">
    <p class='ocr_par' dir='ltr' id='par_1_1' title="bbox 735 506 898 577">
     <span class='ocr_line' id='line_1_1' title="bbox 735 506 898 577; baseline 0 0"><span class='ocrx_word' id='word_1_1' title='bbox 735 517 833 577; x_wconf 81' lang='lat'><strong>-85</strong></span> <span class='ocrx_word' id='word_1_2' title='bbox 856 506 898 561; x_wconf 60' lang='grc'><strong>-’</strong></span> 
     </span>
    </p>
   </div>
   <div class='ocr_carea' id='block_1_2' title="bbox 195 649 1347 2617">
    <p class='ocr_par' dir='ltr' id='par_1_2' title="bbox 238 649 1345 870">
     <span class='ocr_line' id='line_1_2' title="bbox 284 649 1345 746; baseline -0.002 -24"><span class='ocrx_word' id='word_1_3' title='bbox 284 653 562 745; x_wconf 82' lang='lat' dir='ltr'><strong>praeumptionls</strong></span> <span class='ocrx_word' id='word_1_4' title='bbox 595 672 658 744; x_wconf 91' lang='lat' dir='ltr'><strong>per</strong></span> <span class='ocrx_word' id='word_1_5' title='bbox 687 653 778 725; x_wconf 86' lang='lat' dir='ltr'><strong>duos</strong></span> <span class='ocrx_word' id='word_1_6' title='bbox 810 672 952 725; x_wconf 90' lang='lat' dir='ltr'><strong>menses</strong></span> <span class='ocrx_word' id='word_1_7' title='bbox 985 649 1049 746; x_wconf 89' lang='grc'><strong>(1).</strong></span> <span class='ocrx_word' id='word_1_8' title='bbox 1077 654 1150 723; x_wconf 91' lang='lat' dir='ltr'><strong>Hoc</strong></span> <span class='ocrx_word' id='word_1_9' title='bbox 1181 650 1276 723; x_wconf 93' lang='lat' dir='ltr'><strong>enim</strong></span> <span class='ocrx_word' id='word_1_10' title='bbox 1307 650 1345 720; x_wconf 94' lang='lat' dir='ltr'><strong>in</strong></span> 
     </span>
     <span class='ocr_line' id='line_1_3' title="bbox 238 760 1260 870; baseline 0.001 -22"><span class='ocrx_word' id='word_1_11' title='bbox 238 792 240 797; x_wconf 90' lang='grc'><strong><em>·</em></strong></span> <span class='ocrx_word' id='word_1_12' title='bbox 283 760 418 869; x_wconf 84' lang='lat' dir='ltr'><strong>privata</strong></span> <span class='ocrx_word' id='word_1_13' title='bbox 438 798 511 850; x_wconf 93' lang='lat' dir='ltr'><strong>non</strong></span> <span class='ocrx_word' id='word_1_14' title='bbox 530 780 568 850; x_wconf 94' lang='lat' dir='ltr'><strong>in</strong></span> <span class='ocrx_word' id='word_1_15' title='bbox 588 779 815 870; x_wconf 88' lang='lat' dir='ltr'><strong>imperatoria</strong></span> <span class='ocrx_word' id='word_1_16' title='bbox 834 778 1060 869; x_wconf 80' lang='lat' dir='ltr'><strong>emphyteusi</strong></span> <span class='ocrx_word' id='word_1_17' title='bbox 1080 778 1260 849; x_wconf 79' lang='lat' dir='ltr'><strong>statuitur.</strong></span> 
     </span>
    </p>

    <p class='ocr_par' dir='ltr' id='par_1_3' title="bbox 283 900 1343 1251">
     <span class='ocr_line' id='line_1_4' title="bbox 332 900 1343 993; baseline 0 -22"><span class='ocrx_word' id='word_1_18' title='bbox 332 902 406 972; x_wconf 92' lang='lat' dir='ltr'><strong>lmo</strong></span> <span class='ocrx_word' id='word_1_19' title='bbox 431 901 537 973; x_wconf 89' lang='lat' dir='ltr'><strong>etiam</strong></span> <span class='ocrx_word' id='word_1_20' title='bbox 558 902 875 993; x_wconf 83' lang='lat' dir='ltr'><strong>emphyteuticario</strong></span> <span class='ocrx_word' id='word_1_21' title='bbox 897 902 954 973; x_wconf 91' lang='lat' dir='ltr'><strong>ius</strong></span> <span class='ocrx_word' id='word_1_22' title='bbox 973 900 1195 992; x_wconf 82' lang='lat' dir='ltr'><strong>&#39;permittitur</strong></span> <span class='ocrx_word' id='word_1_23' title='bbox 1215 920 1343 971; x_wconf 92' lang='lat' dir='ltr'><strong>manu-</strong></span> 
     </span>
     <span class='ocr_line' id='line_1_5' title="bbox 283 1026 1342 1118; baseline 0 -21"><span class='ocrx_word' id='word_1_24' title='bbox 283 1026 559 1108; x_wconf 88' lang='lat' dir='ltr'><strong>mittendorum,</strong></span> <span class='ocrx_word' id='word_1_25' title='bbox 589 1046 681 1118; x_wconf 90' lang='lat' dir='ltr'><strong>quae</strong></span> <span class='ocrx_word' id='word_1_26' title='bbox 715 1026 837 1099; x_wconf 86' lang='lat' dir='ltr'><strong>lundis</strong></span> <span class='ocrx_word' id='word_1_27' title='bbox 871 1027 1121 1118; x_wconf 82' lang='lat' dir='ltr'><strong>assignantur,</strong></span> <span class='ocrx_word' id='word_1_28' title='bbox 1146 1026 1342 1117; x_wconf 92' lang='lat' dir='ltr'><strong>mancipio·</strong></span> 
     </span>
     <span class='ocr_line' id='line_1_6' title="bbox 284 1146 488 1251; baseline 0.02 -10"><span class='ocrx_word' id='word_1_29' title='bbox 284 1169 361 1241; x_wconf 79' lang='lat' dir='ltr'><strong>rum</strong></span> <span class='ocrx_word' id='word_1_30' title='bbox 382 1146 451 1245; x_wconf 82' lang='lat' dir='ltr'><strong>&lt;o</strong></span> <span class='ocrx_word' id='word_1_31' title='bbox 485 1244 488 1251; x_wconf 80' lang='grc'><strong>,</strong></span> 
     </span>
    </p>

    <p class='ocr_par' dir='ltr' id='par_1_4' title="bbox 195 1275 1347 2617">
     <span class='ocr_line' id='line_1_7' title="bbox 330 1275 1345 1368; baseline 0.002 -22"><span class='ocrx_word' id='word_1_32' title='bbox 330 1275 442 1348; x_wconf 83' lang='lat' dir='ltr'><strong>Debet</strong></span> <span class='ocrx_word' id='word_1_33' title='bbox 461 1295 633 1349; x_wconf 88' lang='lat' dir='ltr'><strong>canonem</strong></span> <span class='ocrx_word' id='word_1_34' title='bbox 654 1278 708 1348; x_wconf 89' lang='lat' dir='ltr'><strong>rel</strong></span> <span class='ocrx_word' id='word_1_35' title='bbox 728 1278 939 1368; x_wconf 90' lang='lat' dir='ltr'><strong>pensionem</strong></span> <span class='ocrx_word' id='word_1_36' title='bbox 963 1277 1009 1349; x_wconf 87' lang='lat' dir='ltr'><strong>ad</strong></span> <span class='ocrx_word' id='word_1_37' title='bbox 1035 1296 1143 1367; x_wconf 91' lang='lat' dir='ltr'><strong>quam</strong></span> <span class='ocrx_word' id='word_1_38' title='bbox 1168 1275 1204 1347; x_wconf 91' lang='lat' dir='ltr'><strong>in</strong></span> <span class='ocrx_word' id='word_1_39' title='bbox 1231 1277 1345 1348; x_wconf 89' lang='lat' dir='ltr'><strong>licita-</strong></span> 
     </span>
     <span class='ocr_line' id='line_1_8' title="bbox 277 1400 1344 1495; baseline 0.001 -20"><span class='ocrx_word' id='word_1_40' title='bbox 277 1404 378 1475; x_wconf 91' lang='lat' dir='ltr'><strong>tione</strong></span> <span class='ocrx_word' id='word_1_41' title='bbox 396 1402 601 1475; x_wconf 86' lang='lat' dir='ltr'><strong>auctionum</strong></span> <span class='ocrx_word' id='word_1_42' title='bbox 623 1410 814 1494; x_wconf 83' lang='lat' dir='ltr'><strong>augmenta</strong></span> <span class='ocrx_word' id='word_1_43' title='bbox 833 1410 1082 1476; x_wconf 89' lang='lat' dir='ltr'><strong>succreverunt</strong></span> <span class='ocrx_word' id='word_1_44' title='bbox 1106 1400 1152 1495; x_wconf 80' lang='grc'><strong>(5)</strong></span> <span class='ocrx_word' id='word_1_45' title='bbox 1179 1428 1188 1473; x_wconf 87' lang='lat'>:</span> <span class='ocrx_word' id='word_1_46' title='bbox 1210 1410 1344 1476; x_wconf 85' lang='lat' dir='ltr'><strong>veteres</strong></span> 
     </span>
     <span class='ocr_line' id='line_1_9' title="bbox 280 1507 1345 1620; baseline -0.001 -20"><span class='ocrx_word' id='word_1_47' title='bbox 280 1534 399 1600; x_wconf 87' lang='lat' dir='ltr'><strong>tamen</strong></span> <span class='ocrx_word' id='word_1_48' title='bbox 430 1507 663 1618; x_wconf 27' lang='lat' dir='ltr'><strong>possessores,</strong></span> <span class='ocrx_word' id='word_1_49' title='bbox 691 1528 793 1601; x_wconf 83' lang='lat' dir='ltr'><strong>norIs</strong></span> <span class='ocrx_word' id='word_1_50' title='bbox 827 1528 1103 1600; x_wconf 79' lang='lat' dir='ltr'><strong>conductoribus</strong></span> <span class='ocrx_word' id='word_1_51' title='bbox 1137 1530 1345 1620; x_wconf 89' lang='lat' dir='ltr'><strong>praeierun-</strong></span> 
     </span>
     <span class='ocr_line' id='line_1_10' title="bbox 280 1649 1345 1745; baseline 0.001 -22"><span class='ocrx_word' id='word_1_52' title='bbox 280 1658 338 1723; x_wconf 92' lang='lat' dir='ltr'><strong>tur</strong></span> <span class='ocrx_word' id='word_1_53' title='bbox 357 1649 424 1745; x_wconf 79' lang='lat' dir='ltr'><strong>(l).</strong></span> <span class='ocrx_word' id='word_1_54' title='bbox 446 1653 497 1723; x_wconf 92' lang='lat' dir='ltr'><strong>Ne</strong></span> <span class='ocrx_word' id='word_1_55' title='bbox 520 1671 634 1724; x_wconf 91' lang='lat' dir='ltr'><strong>canon</strong></span> <span class='ocrx_word' id='word_1_56' title='bbox 657 1654 767 1725; x_wconf 90' lang='lat' dir='ltr'><strong>semel</strong></span> <span class='ocrx_word' id='word_1_57' title='bbox 796 1654 1011 1724; x_wconf 88' lang='lat' dir='ltr'><strong>constitutus</strong></span> <span class='ocrx_word' id='word_1_58' title='bbox 1040 1660 1228 1743; x_wconf 81' lang='lat' dir='ltr'><strong>augeatur,</strong></span> <span class='ocrx_word' id='word_1_59' title='bbox 1250 1653 1345 1743; x_wconf 82' lang='lat' dir='ltr'><strong>leges</strong></span> 
     </span>
     <span class='ocr_line' id='line_1_11' title="bbox 278 1777 1343 1870; baseline 0 -22"><span class='ocrx_word' id='word_1_60' title='bbox 278 1778 455 1870; x_wconf 81' lang='lat' dir='ltr'><strong>plurimae</strong></span> <span class='ocrx_word' id='word_1_61' title='bbox 475 1785 613 1858; x_wconf 87' lang='lat' dir='ltr'><strong>vetant,</strong></span> <span class='ocrx_word' id='word_1_62' title='bbox 634 1798 841 1869; x_wconf 87' lang='lat' dir='ltr'><strong>quanquam</strong></span> <span class='ocrx_word' id='word_1_63' title='bbox 862 1777 900 1849; x_wconf 89' lang='lat' dir='ltr'><strong>id</strong></span> <span class='ocrx_word' id='word_1_64' title='bbox 921 1777 1017 1850; x_wconf 86' lang='lat' dir='ltr'><strong>haud</strong></span> <span class='ocrx_word' id='word_1_65' title='bbox 1039 1778 1151 1850; x_wconf 92' lang='lat' dir='ltr'><strong>semel</strong></span> <span class='ocrx_word' id='word_1_66' title='bbox 1170 1785 1343 1850; x_wconf 87' lang='lat' dir='ltr'><strong>tentatum</strong></span> 
     </span>
     <span class='ocr_line' id='line_1_12' title="bbox 195 1898 1347 1993; baseline -0.003 -22"><span class='ocrx_word' id='word_1_67' title='bbox 195 1915 199 1926; x_wconf 90' lang='lat'><em>·</em></span> <span class='ocrx_word' id='word_1_68' title='bbox 278 1899 390 1972; x_wconf 80' lang='lat' dir='ltr'><strong>fuisse</strong></span> <span class='ocrx_word' id='word_1_69' title='bbox 413 1902 652 1990; x_wconf 87' lang='lat' dir='ltr'><strong>comperimus</strong></span> <span class='ocrx_word' id='word_1_70' title='bbox 673 1898 741 1993; x_wconf 85' lang='lat'><strong>(6).</strong></span> <span class='ocrx_word' id='word_1_71' title='bbox 763 1901 949 1972; x_wconf 83' lang='lat' dir='ltr'><strong>Delabitur</strong></span> <span class='ocrx_word' id='word_1_72' title='bbox 968 1902 1006 1972; x_wconf 94' lang='lat' dir='ltr'><strong>ln</strong></span> <span class='ocrx_word' id='word_1_73' title='bbox 1025 1900 1150 1969; x_wconf 81' lang='lat' dir='ltr'><strong>vitium</strong></span> <span class='ocrx_word' id='word_1_74' title='bbox 1170 1899 1347 1971; x_wconf 80' lang='lat' dir='ltr'><strong>commissi</strong></span> 
     </span>
     <span class='ocr_line' id='line_1_13' title="bbox 279 2027 1341 2119; baseline 0 -21"><span class='ocrx_word' id='word_1_75' title='bbox 279 2027 619 2118; x_wconf 82' lang='lat' dir='ltr'><strong>emphyteuticarius</strong></span> <span class='ocrx_word' id='word_1_76' title='bbox 639 2046 713 2098; x_wconf 96' lang='lat' dir='ltr'><strong>non</strong></span> <span class='ocrx_word' id='word_1_77' title='bbox 733 2028 850 2098; x_wconf 87' lang='lat' dir='ltr'><strong>soluto</strong></span> <span class='ocrx_word' id='word_1_78' title='bbox 871 2046 1006 2099; x_wconf 91' lang='lat' dir='ltr'><strong>canone</strong></span> <span class='ocrx_word' id='word_1_79' title='bbox 1025 2035 1106 2118; x_wconf 91' lang='lat' dir='ltr'><strong>post</strong></span> <span class='ocrx_word' id='word_1_80' title='bbox 1125 2035 1266 2119; x_wconf 90' lang='lat' dir='ltr'><strong>tempus</strong></span> <span class='ocrx_word' id='word_1_81' title='bbox 1284 2028 1341 2098; x_wconf 93' lang='lat' dir='ltr'><strong>in-</strong></span> 
     </span>
     <span class='ocr_line' id='line_1_14' title="bbox 278 2151 1340 2244; baseline 0 -21"><span class='ocrx_word' id='word_1_82' title='bbox 278 2158 430 2234; x_wconf 85' lang='lat' dir='ltr'><strong>certum,</strong></span> <span class='ocrx_word' id='word_1_83' title='bbox 448 2151 570 2223; x_wconf 81' lang='lat' dir='ltr'><strong>forsan</strong></span> <span class='ocrx_word' id='word_1_84' title='bbox 589 2158 670 2242; x_wconf 93' lang='lat' dir='ltr'><strong>post</strong></span> <span class='ocrx_word' id='word_1_85' title='bbox 689 2158 761 2223; x_wconf 86' lang='lat' dir='ltr'><strong>tres</strong></span> <span class='ocrx_word' id='word_1_86' title='bbox 778 2171 912 2234; x_wconf 89' lang='lat' dir='ltr'><strong>annos,</strong></span> <span class='ocrx_word' id='word_1_87' title='bbox 931 2160 1105 2243; x_wconf 90' lang='lat' dir='ltr'><strong>quantum</strong></span> <span class='ocrx_word' id='word_1_88' title='bbox 1126 2171 1168 2224; x_wconf 81' lang='lat' dir='ltr'><strong>ex</strong></span> <span class='ocrx_word' id='word_1_89' title='bbox 1188 2154 1340 2244; x_wconf 85' lang='lat' dir='ltr'><strong>emphy-</strong></span> 
     </span>
     <span class='ocr_line' id='line_1_15' title="bbox 277 2273 1339 2371; baseline -0.002 -21"><span class='ocrx_word' id='word_1_90' title='bbox 277 2278 370 2350; x_wconf 91' lang='lat' dir='ltr'><strong>teusi</strong></span> <span class='ocrx_word' id='word_1_91' title='bbox 387 2278 524 2368; x_wconf 77' lang='lat' dir='ltr'><strong>privata</strong></span> <span class='ocrx_word' id='word_1_92' title='bbox 540 2277 716 2350; x_wconf 91' lang='lat' dir='ltr'><strong>coniicere</strong></span> <span class='ocrx_word' id='word_1_93' title='bbox 734 2278 816 2349; x_wconf 90' lang='lat' dir='ltr'><strong>licet</strong></span> <span class='ocrx_word' id='word_1_94' title='bbox 834 2273 898 2371; x_wconf 91' lang='lat'><strong>(6).</strong></span> <span class='ocrx_word' id='word_1_95' title='bbox 912 2276 981 2350; x_wconf 89' lang='lat' dir='ltr'><strong>Sed</strong></span> <span class='ocrx_word' id='word_1_96' title='bbox 1002 2277 1173 2367; x_wconf 89' lang='lat' dir='ltr'><strong>quamdiu</strong></span> <span class='ocrx_word' id='word_1_97' title='bbox 1192 2277 1339 2368; x_wconf 91' lang='lat' dir='ltr'><strong>pensio-</strong></span> 
     </span>
     <span class='ocr_line' id='line_1_16' title="bbox 277 2399 1338 2491; baseline -0.001 -20"><span class='ocrx_word' id='word_1_98' title='bbox 277 2418 358 2471; x_wconf 93' lang='lat' dir='ltr'><strong>nem</strong></span> <span class='ocrx_word' id='word_1_99' title='bbox 369 2399 487 2482; x_wconf 89' lang='lat' dir='ltr'><strong>solvit,</strong></span> <span class='ocrx_word' id='word_1_100' title='bbox 498 2405 621 2472; x_wconf 88' lang='lat' dir='ltr'><strong>carent</strong></span> <span class='ocrx_word' id='word_1_101' title='bbox 638 2400 732 2491; x_wconf 80' lang='lat' dir='ltr'><strong>leges</strong></span> <span class='ocrx_word' id='word_1_102' title='bbox 742 2418 788 2471; x_wconf 95' lang='lat' dir='ltr'><strong>ne</strong></span> <span class='ocrx_word' id='word_1_103' title='bbox 803 2401 841 2471; x_wconf 93' lang='lat' dir='ltr'><strong>in</strong></span> <span class='ocrx_word' id='word_1_104' title='bbox 859 2399 1088 2491; x_wconf 80' lang='lat' dir='ltr'><strong>possessione</strong></span> <span class='ocrx_word' id='word_1_105' title='bbox 1105 2400 1338 2491; x_wconf 86' lang='lat' dir='ltr'><strong>inquietetur,</strong></span> 
     </span>
     <span class='ocr_line' id='line_1_17' title="bbox 278 2500 1341 2617; baseline 0 -20"><span class='ocrx_word' id='word_1_106' title='bbox 278 2524 440 2617; x_wconf 87' lang='lat' dir='ltr'><strong>quamvis</strong></span> <span class='ocrx_word' id='word_1_107' title='bbox 470 2544 511 2597; x_wconf 89' lang='lat' dir='ltr'><strong>ea</strong></span> <span class='ocrx_word' id='word_1_108' title='bbox 536 2526 651 2606; x_wconf 84' lang='lat' dir='ltr'><strong>hona,</strong></span> <span class='ocrx_word' id='word_1_109' title='bbox 678 2544 700 2596; x_wconf 89' lang='lat' dir='ltr'><strong>a</strong></span> <span class='ocrx_word' id='word_1_110' title='bbox 732 2525 854 2598; x_wconf 91' lang='lat' dir='ltr'><strong>multis</strong></span> <span class='ocrx_word' id='word_1_111' title='bbox 880 2526 1058 2617; x_wconf 90' lang='lat' dir='ltr'><strong>appetita,</strong></span> <span class='ocrx_word' id='word_1_112' title='bbox 1089 2526 1232 2617; x_wconf 87' lang='lat' dir='ltr'><strong>saepius</strong></span> <span class='ocrx_word' id='word_1_113' title='bbox 1259 2500 1341 2617; x_wconf 87' lang='lat' dir='ltr'><strong>pos·</strong></span> 
     </span>
    </p>
   </div>
   <div class='ocr_carea' id='block_1_3' title="bbox 276 2648 1342 3117">
    <p class='ocr_par' dir='ltr' id='par_1_5' title="bbox 276 2648 1342 3117">
     <span class='ocr_line' id='line_1_18' title="bbox 277 2648 1342 2740; baseline -0.001 -19"><span class='ocrx_word' id='word_1_114' title='bbox 277 2649 436 2721; x_wconf 94' lang='lat' dir='ltr'><strong>tulentur</strong></span> <span class='ocrx_word' id='word_1_115' title='bbox 464 2656 498 2721; x_wconf 89' lang='lat' dir='ltr'><strong>et</strong></span> <span class='ocrx_word' id='word_1_116' title='bbox 524 2668 543 2719; x_wconf 90' lang='lat' dir='ltr'><strong>a</strong></span> <span class='ocrx_word' id='word_1_117' title='bbox 575 2648 799 2740; x_wconf 86' lang='lat' dir='ltr'><strong>principibus</strong></span> <span class='ocrx_word' id='word_1_118' title='bbox 833 2648 1051 2738; x_wconf 86' lang='lat' dir='ltr'><strong>aliquando,</strong></span> <span class='ocrx_word' id='word_1_119' title='bbox 1079 2651 1185 2720; x_wconf 88' lang='lat' dir='ltr'><strong>etiam</strong></span> <span class='ocrx_word' id='word_1_120' title='bbox 1219 2657 1342 2721; x_wconf 91' lang='lat' dir='ltr'><strong>contra</strong></span> 
     </span>
     <span class='ocr_line' id='line_1_19' title="bbox 276 2771 1340 2867; baseline 0.002 -22"><span class='ocrx_word' id='word_1_121' title='bbox 276 2773 389 2845; x_wconf 87' lang='lat' dir='ltr'><strong>edicta</strong></span> <span class='ocrx_word' id='word_1_122' title='bbox 422 2792 505 2856; x_wconf 89' lang='lat' dir='ltr'><strong>sua,</strong></span> <span class='ocrx_word' id='word_1_123' title='bbox 537 2774 777 2847; x_wconf 86' lang='lat' dir='ltr'><strong>concedantur</strong></span> <span class='ocrx_word' id='word_1_124' title='bbox 808 2771 872 2867; x_wconf 91' lang='grc'>(7).</span> <span class='ocrx_word' id='word_1_125' title='bbox 908 2772 1119 2845; x_wconf 78' lang='lat' dir='ltr'><strong>Anastasius</strong></span> <span class='ocrx_word' id='word_1_126' title='bbox 1153 2775 1340 2847; x_wconf 81' lang='lat' dir='ltr'><strong>constituti</strong></span> 
     </span>
     <span class='ocr_line' id='line_1_20' title="bbox 276 2878 1339 2989; baseline 0.002 -21"><span class='ocrx_word' id='word_1_127' title='bbox 276 2898 412 2968; x_wconf 93' lang='lat' dir='ltr'><strong>nullam</strong></span> <span class='ocrx_word' id='word_1_128' title='bbox 439 2897 619 2969; x_wconf 76' lang='lat' dir='ltr'><strong>formidari</strong></span> <span class='ocrx_word' id='word_1_129' title='bbox 645 2878 820 2969; x_wconf 81' lang='lat' dir='ltr'><strong>actionem</strong></span> <span class='ocrx_word' id='word_1_130' title='bbox 840 2916 947 2989; x_wconf 91' lang='lat' dir='ltr'><strong>posse</strong></span> <span class='ocrx_word' id='word_1_131' title='bbox 966 2898 1011 2968; x_wconf 87' lang='lat' dir='ltr'><strong>ab</strong></span> <span class='ocrx_word' id='word_1_132' title='bbox 1040 2898 1084 2969; x_wconf 91' lang='lat' dir='ltr'><strong>iis</strong></span> <span class='ocrx_word' id='word_1_133' title='bbox 1111 2899 1172 2988; x_wconf 96' lang='lat' dir='ltr'><strong>qui</strong></span> <span class='ocrx_word' id='word_1_134' title='bbox 1193 2899 1339 2989; x_wconf 84' lang='lat' dir='ltr'><strong>praedia</strong></span> 
     </span>
     <span class='ocr_line' id='line_1_21' title="bbox 276 3010 1336 3117; baseline -0.002 -22"><span class='ocrx_word' id='word_1_135' title='bbox 276 3024 362 3096; x_wconf 85' lang='lat' dir='ltr'><strong>haec</strong></span> <span class='ocrx_word' id='word_1_136' title='bbox 379 3042 444 3116; x_wconf 91' lang='lat' dir='ltr'><strong>per</strong></span> <span class='ocrx_word' id='word_1_137' title='bbox 466 3024 702 3115; x_wconf 82' lang='lat' dir='ltr'><strong>quadraginta</strong></span> <span class='ocrx_word' id='word_1_138' title='bbox 732 3010 860 3115; x_wconf 80' lang='lat' dir='ltr'><strong>ingiter</strong></span> <span class='ocrx_word' id='word_1_139' title='bbox 881 3042 997 3095; x_wconf 90' lang='lat' dir='ltr'><strong>annos</strong></span> <span class='ocrx_word' id='word_1_140' title='bbox 1022 3023 1248 3115; x_wconf 86' lang='lat' dir='ltr'><strong>posscderint</strong></span> <span class='ocrx_word' id='word_1_141' title='bbox 1272 3022 1282 3117; x_wconf 99' lang='lat'><strong>(</strong></span> <span class='ocrx_word' id='word_1_142' title='bbox 1308 3021 1336 3117; x_wconf 95' lang='grc'><strong>).</strong></span> 
     </span>
    </p>
   </div>
   <div class='ocr_carea' id='block_1_4' title="bbox 228 3324 949 3390">
    <p class='ocr_par' dir='ltr' id='par_1_6' title="bbox 228 3324 949 3390">
     <span class='ocr_line' id='line_1_22' title="bbox 228 3324 949 3390; baseline 0.004 -15"><span class='ocrx_word' id='word_1_143' title='bbox 228 3345 231 3352; x_wconf 87' lang='grc'><em>·</em></span> <span class='ocrx_word' id='word_1_144' title='bbox 305 3324 338 3388; x_wconf 94' lang='grc'><strong>(1)</strong></span> <span class='ocrx_word' id='word_1_145' title='bbox 353 3324 383 3377; x_wconf 85' lang='lat' dir='ltr'><strong>G.</strong></span> <span class='ocrx_word' id='word_1_146' title='bbox 401 3326 480 3387; x_wconf 80' lang='lat' dir='ltr'><strong>lust,</strong></span> <span class='ocrx_word' id='word_1_147' title='bbox 491 3326 538 3385; x_wconf 94' lang='lat' dir='ltr'><strong>IV,</strong></span> <span class='ocrx_word' id='word_1_148' title='bbox 553 3326 591 3389; x_wconf 89' lang='grc'><strong>66,</strong></span> <span class='ocrx_word' id='word_1_149' title='bbox 608 3326 630 3389; x_wconf 88' lang='grc'><strong>3,</strong></span> <span class='ocrx_word' id='word_1_150' title='bbox 646 3327 658 3390; x_wconf 67' lang='grc' dir='ltr'><strong>ἕ</strong></span> <span class='ocrx_word' id='word_1_151' title='bbox 673 3324 714 3377; x_wconf 74' lang='lat' dir='ltr'><strong>sl</strong></span> <span class='ocrx_word' id='word_1_152' title='bbox 728 3325 793 3388; x_wconf 86' lang='lat' dir='ltr'><strong>(Lex</strong></span> <span class='ocrx_word' id='word_1_153' title='bbox 807 3324 949 3389; x_wconf 82' lang='lat' dir='ltr'><strong>Zenonis).</strong></span> 
     </span>
    </p>
   </div>
   <div class='ocr_carea' id='block_1_5' title="bbox 199 3414 1460 3479">
    <p class='ocr_par' dir='ltr' id='par_1_7' title="bbox 199 3414 1460 3479">
     <span class='ocr_line' id='line_1_23' title="bbox 199 3414 1460 3479; baseline 0.002 -16"><span class='ocrx_word' id='word_1_154' title='bbox 199 3475 201 3477; x_wconf 11' lang='lat' dir='ltr'><strong>q</strong></span> <span class='ocrx_word' id='word_1_155' title='bbox 305 3414 338 3479; x_wconf 95' lang='grc'><strong>(2)</strong></span> <span class='ocrx_word' id='word_1_156' title='bbox 354 3414 385 3466; x_wconf 83' lang='lat' dir='ltr'><strong>G.</strong></span> <span class='ocrx_word' id='word_1_157' title='bbox 402 3416 480 3477; x_wconf 76' lang='lat' dir='ltr'><strong>lust,</strong></span> <span class='ocrx_word' id='word_1_158' title='bbox 497 3415 548 3477; x_wconf 91' lang='lat' dir='ltr'><strong>XI,</strong></span> <span class='ocrx_word' id='word_1_159' title='bbox 562 3416 605 3475; x_wconf 89' lang='grc'><strong>62,</strong></span> <span class='ocrx_word' id='word_1_160' title='bbox 624 3416 652 3465; x_wconf 92' lang='grc'><strong>12</strong></span> <span class='ocrx_word' id='word_1_161' title='bbox 667 3431 673 3464; x_wconf 92' lang='lat'>:</span> <span class='ocrx_word' id='word_1_162' title='bbox 687 3431 699 3461; x_wconf 80' lang='lat' dir='ltr'><strong>rr</strong></span> <span class='ocrx_word' id='word_1_163' title='bbox 714 3416 839 3465; x_wconf 85' lang='lat' dir='ltr'><strong>Licentia</strong></span> <span class='ocrx_word' id='word_1_164' title='bbox 854 3415 893 3463; x_wconf 86' lang='lat' dir='ltr'><strong>eis</strong></span> <span class='ocrx_word' id='word_1_165' title='bbox 908 3414 1085 3463; x_wconf 87' lang='lat' dir='ltr'><strong>concedenda</strong></span> <span class='ocrx_word' id='word_1_166' title='bbox 1100 3415 1182 3463; x_wconf 87' lang='lat' dir='ltr'><strong>etiam</strong></span> <span class='ocrx_word' id='word_1_167' title='bbox 1198 3417 1338 3464; x_wconf 81' lang='lat' dir='ltr'><strong>libertates</strong></span> <span class='ocrx_word' id='word_1_168' title='bbox 1457 3460 1460 3466; x_wconf 66' lang='lat'><strong>.</strong></span> 
     </span>
    </p>
   </div>
   <div class='ocr_carea' id='block_1_6' title="bbox 273 3503 1337 4369">
    <p class='ocr_par' dir='ltr' id='par_1_8' title="bbox 274 3503 1337 3657">
     <span class='ocr_line' id='line_1_24' title="bbox 275 3503 1337 3568; baseline 0.001 -18"><span class='ocrx_word' id='word_1_169' title='bbox 275 3503 418 3566; x_wconf 88' lang='lat' dir='ltr'><strong>mancipiis</strong></span> <span class='ocrx_word' id='word_1_170' title='bbox 441 3517 475 3553; x_wconf 81' lang='lat' dir='ltr'><strong>ex</strong></span> <span class='ocrx_word' id='word_1_171' title='bbox 501 3505 594 3553; x_wconf 89' lang='lat' dir='ltr'><strong>lundis</strong></span> <span class='ocrx_word' id='word_1_172' title='bbox 618 3504 856 3568; x_wconf 84' lang='lat' dir='ltr'><strong>patrimonialibus</strong></span> <span class='ocrx_word' id='word_1_173' title='bbox 881 3508 963 3565; x_wconf 87' lang='lat' dir='ltr'><strong>atque</strong></span> <span class='ocrx_word' id='word_1_174' title='bbox 986 3504 1254 3566; x_wconf 55' lang='lat' dir='ltr'><strong>emphyteuticariis</strong></span> <span class='ocrx_word' id='word_1_175' title='bbox 1275 3518 1337 3552; x_wconf 90' lang='lat' dir='ltr'><strong>cnm</strong></span> 
     </span>
     <span class='ocr_line' id='line_1_25' title="bbox 274 3592 827 3657; baseline 0 -17"><span class='ocrx_word' id='word_1_176' title='bbox 274 3592 422 3641; x_wconf 82' lang='lat' dir='ltr'><strong>fundorum</strong></span> <span class='ocrx_word' id='word_1_177' title='bbox 438 3593 493 3641; x_wconf 90' lang='lat' dir='ltr'><strong>sint</strong></span> <span class='ocrx_word' id='word_1_178' title='bbox 508 3596 634 3653; x_wconf 84' lang='lat' dir='ltr'><strong>domini,</strong></span> <span class='ocrx_word' id='word_1_179' title='bbox 650 3598 799 3657; x_wconf 87' lang='lat' dir='ltr'><strong>praestare.</strong></span> <span class='ocrx_word' id='word_1_180' title='bbox 815 3610 827 3640; x_wconf 83' lang='lat' dir='ltr'><strong>n</strong></span> 
     </span>
    </p>

    <p class='ocr_par' dir='ltr' id='par_1_9' title="bbox 304 3681 638 3745">
     <span class='ocr_line' id='line_1_26' title="bbox 304 3681 638 3745; baseline 0.006 -14"><span class='ocrx_word' id='word_1_181' title='bbox 304 3681 336 3745; x_wconf 83' lang='lat'><strong>(3)</strong></span> <span class='ocrx_word' id='word_1_182' title='bbox 353 3681 383 3732; x_wconf 87' lang='lat' dir='ltr'><strong>G.</strong></span> <span class='ocrx_word' id='word_1_183' title='bbox 400 3682 479 3741; x_wconf 74' lang='lat' dir='ltr'><strong>lust,</strong></span> <span class='ocrx_word' id='word_1_184' title='bbox 495 3683 543 3742; x_wconf 91' lang='lat' dir='ltr'><strong>XI,</strong></span> <span class='ocrx_word' id='word_1_185' title='bbox 559 3683 598 3743; x_wconf 84' lang='lat'><strong>70,</strong></span> <span class='ocrx_word' id='word_1_186' title='bbox 615 3683 638 3733; x_wconf 85' lang='lat' dir='ltr'><strong>l.</strong></span> 
     </span>
    </p>

    <p class='ocr_par' dir='ltr' id='par_1_10' title="bbox 303 3770 490 3835">
     <span class='ocr_line' id='line_1_27' title="bbox 303 3770 490 3835; baseline 0.005 -15"><span class='ocrx_word' id='word_1_187' title='bbox 303 3770 336 3835; x_wconf 86' lang='lat' dir='ltr'><strong>(l)</strong></span> <span class='ocrx_word' id='word_1_188' title='bbox 352 3771 398 3832; x_wconf 90' lang='lat' dir='ltr'><strong>XI,</strong></span> <span class='ocrx_word' id='word_1_189' title='bbox 413 3772 452 3835; x_wconf 85' lang='grc'><strong>71,</strong></span> <span class='ocrx_word' id='word_1_190' title='bbox 468 3772 490 3821; x_wconf 83' lang='lat' dir='ltr'><strong>l.</strong></span> 
     </span>
    </p>

    <p class='ocr_par' dir='ltr' id='par_1_11' title="bbox 273 3859 1333 4011">
     <span class='ocr_line' id='line_1_28' title="bbox 302 3859 1333 3925; baseline 0.001 -14"><span class='ocrx_word' id='word_1_191' title='bbox 302 3860 336 3923; x_wconf 88' lang='grc'><strong>(5)</strong></span> <span class='ocrx_word' id='word_1_192' title='bbox 353 3859 384 3911; x_wconf 86' lang='lat' dir='ltr'><strong>G.</strong></span> <span class='ocrx_word' id='word_1_193' title='bbox 401 3861 478 3921; x_wconf 75' lang='lat' dir='ltr'><strong>lust,</strong></span> <span class='ocrx_word' id='word_1_194' title='bbox 492 3862 525 3921; x_wconf 88' lang='lat' dir='ltr'><strong>X,</strong></span> <span class='ocrx_word' id='word_1_195' title='bbox 540 3862 578 3921; x_wconf 79' lang='lat' dir='ltr'><strong>lc,</strong></span> <span class='ocrx_word' id='word_1_196' title='bbox 594 3862 634 3921; x_wconf 89' lang='lat' dir='ltr'><strong>lo;</strong></span> <span class='ocrx_word' id='word_1_197' title='bbox 650 3862 696 3924; x_wconf 88' lang='lat' dir='ltr'><strong>XI,</strong></span> <span class='ocrx_word' id='word_1_198' title='bbox 713 3863 751 3921; x_wconf 88' lang='grc'><strong>59,</strong></span> <span class='ocrx_word' id='word_1_199' title='bbox 769 3862 813 3919; x_wconf 84' lang='grc'><strong>17;</strong></span> <span class='ocrx_word' id='word_1_200' title='bbox 829 3862 877 3923; x_wconf 89' lang='lat' dir='ltr'><strong>XI,</strong></span> <span class='ocrx_word' id='word_1_201' title='bbox 893 3862 932 3921; x_wconf 85' lang='lat'><strong>71,</strong></span> <span class='ocrx_word' id='word_1_202' title='bbox 947 3862 970 3911; x_wconf 91' lang='grc'><strong>2.</strong></span> <span class='ocrx_word' id='word_1_203' title='bbox 988 3862 1057 3911; x_wconf 84' lang='grc' dir='ltr'>Νον.</span> <span class='ocrx_word' id='word_1_204' title='bbox 1075 3862 1221 3921; x_wconf 78' lang='lat' dir='ltr'><strong>Theodos,</strong></span> <span class='ocrx_word' id='word_1_205' title='bbox 1236 3862 1333 3925; x_wconf 84' lang='lat' dir='ltr'><strong>XXVI,</strong></span> 
     </span>
     <span class='ocr_line' id='line_1_29' title="bbox 273 3949 323 4011; baseline 0 -13"><span class='ocrx_word' id='word_1_206' title='bbox 273 3949 323 4011; x_wconf 77' lang='lat' dir='ltr'><strong>(l.</strong></span> 
     </span>
    </p>

    <p class='ocr_par' dir='ltr' id='par_1_12' title="bbox 302 4038 1007 4103">
     <span class='ocr_line' id='line_1_30' title="bbox 302 4038 1007 4103; baseline 0.004 -16"><span class='ocrx_word' id='word_1_207' title='bbox 302 4038 336 4101; x_wconf 88' lang='lat'><strong>(6)</strong></span> <span class='ocrx_word' id='word_1_208' title='bbox 351 4038 381 4089; x_wconf 82' lang='lat' dir='ltr'><strong>O.</strong></span> <span class='ocrx_word' id='word_1_209' title='bbox 400 4038 478 4101; x_wconf 78' lang='lat' dir='ltr'><strong>lust,</strong></span> <span class='ocrx_word' id='word_1_210' title='bbox 495 4040 528 4102; x_wconf 97' lang='lat' dir='ltr'><strong>V,</strong></span> <span class='ocrx_word' id='word_1_211' title='bbox 545 4039 583 4099; x_wconf 81' lang='lat'><strong>37,</strong></span> <span class='ocrx_word' id='word_1_212' title='bbox 599 4040 638 4090; x_wconf 88' lang='grc'><strong>23.</strong></span> <span class='ocrx_word' id='word_1_213' title='bbox 655 4040 684 4091; x_wconf 84' lang='lat' dir='ltr'><strong>C.</strong></span> <span class='ocrx_word' id='word_1_214' title='bbox 702 4041 762 4101; x_wconf 74' lang='lat' dir='ltr'><strong>Th,</strong></span> <span class='ocrx_word' id='word_1_215' title='bbox 780 4042 812 4100; x_wconf 94' lang='lat' dir='ltr'><strong>V,</strong></span> <span class='ocrx_word' id='word_1_216' title='bbox 831 4041 867 4103; x_wconf 84' lang='lat'><strong>13,</strong></span> <span class='ocrx_word' id='word_1_217' title='bbox 885 4042 913 4091; x_wconf 89' lang='lat'><strong>16</strong></span> <span class='ocrx_word' id='word_1_218' title='bbox 927 4046 954 4091; x_wconf 86' lang='lat' dir='ltr'><strong>et</strong></span> <span class='ocrx_word' id='word_1_219' title='bbox 971 4042 1007 4091; x_wconf 87' lang='grc'><strong>18,</strong></span> 
     </span>
    </p>

    <p class='ocr_par' dir='ltr' id='par_1_13' title="bbox 273 4126 1331 4280">
     <span class='ocr_line' id='line_1_31' title="bbox 304 4126 1331 4193; baseline 0.003 -15"><span class='ocrx_word' id='word_1_220' title='bbox 304 4127 336 4191; x_wconf 84' lang='grc'><strong>(7)</strong></span> <span class='ocrx_word' id='word_1_221' title='bbox 355 4126 461 4189; x_wconf 84' lang='lat' dir='ltr'><strong>C.·Th.,</strong></span> <span class='ocrx_word' id='word_1_222' title='bbox 476 4128 509 4191; x_wconf 91' lang='lat' dir='ltr'><strong>V,</strong></span> <span class='ocrx_word' id='word_1_223' title='bbox 527 4129 564 4190; x_wconf 90' lang='grc'><strong>13,</strong></span> <span class='ocrx_word' id='word_1_224' title='bbox 579 4129 607 4177; x_wconf 86' lang='grc'><strong>21</strong></span> <span class='ocrx_word' id='word_1_225' title='bbox 627 4134 654 4178; x_wconf 88' lang='lat' dir='ltr'><strong>et</strong></span> <span class='ocrx_word' id='word_1_226' title='bbox 673 4130 711 4180; x_wconf 85' lang='lat'><strong>33.</strong></span> <span class='ocrx_word' id='word_1_227' title='bbox 730 4130 761 4181; x_wconf 86' lang='lat' dir='ltr'><strong>G.</strong></span> <span class='ocrx_word' id='word_1_228' title='bbox 781 4132 858 4190; x_wconf 79' lang='lat' dir='ltr'><strong>lust,</strong></span> <span class='ocrx_word' id='word_1_229' title='bbox 877 4130 923 4192; x_wconf 94' lang='lat' dir='ltr'><strong>XI,</strong></span> <span class='ocrx_word' id='word_1_230' title='bbox 944 4130 982 4193; x_wconf 87' lang='lat'><strong>71,</strong></span> <span class='ocrx_word' id='word_1_231' title='bbox 999 4133 1025 4191; x_wconf 87' lang='lat'><strong>5;</strong></span> <span class='ocrx_word' id='word_1_232' title='bbox 1040 4130 1087 4189; x_wconf 93' lang='lat' dir='ltr'><strong>XI,</strong></span> <span class='ocrx_word' id='word_1_233' title='bbox 1101 4130 1139 4191; x_wconf 88' lang='grc'><strong>62,</strong></span> <span class='ocrx_word' id='word_1_234' title='bbox 1154 4131 1167 4179; x_wconf 88' lang='grc'><strong>3</strong></span> <span class='ocrx_word' id='word_1_235' title='bbox 1181 4134 1207 4179; x_wconf 89' lang='lat' dir='ltr'><strong>et</strong></span> <span class='ocrx_word' id='word_1_236' title='bbox 1222 4132 1244 4180; x_wconf 86' lang='lat'><strong>5.</strong></span> <span class='ocrx_word' id='word_1_237' title='bbox 1262 4130 1331 4181; x_wconf 90' lang='lat' dir='ltr'><strong>Nov.</strong></span> 
     </span>
     <span class='ocr_line' id='line_1_32' title="bbox 273 4218 599 4280; baseline 0.003 -13"><span class='ocrx_word' id='word_1_238' title='bbox 273 4218 419 4279; x_wconf 66' lang='lat' dir='ltr'><strong>Theodos„</strong></span> <span class='ocrx_word' id='word_1_239' title='bbox 435 4218 534 4278; x_wconf 90' lang='lat' dir='ltr'><strong>XXVI,</strong></span> <span class='ocrx_word' id='word_1_240' title='bbox 551 4220 562 4280; x_wconf 69' lang='grc' dir='ltr'>ξ</span> <span class='ocrx_word' id='word_1_241' title='bbox 577 4218 599 4268; x_wconf 87' lang='grc'><strong>1.</strong></span> 
     </span>
    </p>

    <p class='ocr_par' dir='ltr' id='par_1_14' title="bbox 302 4304 648 4369">
     <span class='ocr_line' id='line_1_33' title="bbox 302 4304 648 4369; baseline 0.006 -14"><span class='ocrx_word' id='word_1_242' title='bbox 302 4305 335 4369; x_wconf 84' lang='grc'><strong>(8)</strong></span> <span class='ocrx_word' id='word_1_243' title='bbox 351 4304 382 4357; x_wconf 84' lang='lat' dir='ltr'><strong>C.</strong></span> <span class='ocrx_word' id='word_1_244' title='bbox 398 4306 476 4365; x_wconf 77' lang='lat' dir='ltr'><strong>lust,</strong></span> <span class='ocrx_word' id='word_1_245' title='bbox 493 4305 540 4366; x_wconf 90' lang='lat' dir='ltr'><strong>XI,</strong></span> <span class='ocrx_word' id='word_1_246' title='bbox 556 4305 594 4366; x_wconf 89' lang='grc'><strong>62,</strong></span> <span class='ocrx_word' id='word_1_247' title='bbox 612 4305 648 4358; x_wconf 83' lang='lat' dir='ltr'><strong>ll.</strong></span> 
     </span>
    </p>
   </div>
   <div class='ocr_carea' id='block_1_7' title="bbox 0 0 1730 5234">
    <p class='ocr_par' dir='ltr' id='par_1_15' title="bbox 0 0 1730 5234">
     <span class='ocr_line' id='line_1_34' title="bbox 0 0 1730 5234; baseline 0 4"><span class='ocrx_word' id='word_1_248' title='bbox 0 0 1730 5234; x_wconf 95' lang='lat' dir='ltr'><strong> </strong></span> 
     </span>
    </p>
   </div>
  </div>
 </body>
</html>
