3450 5234
712 491 870 553 ..55-

309 627 550 700 Conductores
570 646 649 700 esse
674 629 727 700 vel
750 630 904 719 privatos
921 628 976 701 vel
1001 628 1209 719 publicanos
1236 647 1318 700 con·

261 759 343 824 stat.
361 753 434 824 Sub
451 755 669 844 Vespasiano
687 761 858 845 apparent
873 755 990 826 adbuc
1003 755 1041 824 in
1055 754 1196 844 pascuis
1213 755 1319 845 scrip-

259 879 383 950 turarii
397 886 431 950 et
449 878 631 970 publicani
650 879 688 949 in
706 879 824 960 Dacia,
848 879 885 948 in
906 879 1098 970 Cyrenaica
1112 877 1175 971 (l).
1194 879 1318 951 Utrum

259 1000 442 1092 publicani
462 1001 535 1073 sint
558 1022 604 1073 an
624 1003 751 1094 privati
771 1003 1004 1074 conductores
1030 1021 1172 1094 gregum
1193 1004 1318 1075 oviari-

260 1145 380 1198 corum
405 1127 442 1196 in
468 1127 570 1197 titulo
594 1127 804 1217 Saepinensi
830 1126 1025 1212 nominati,
1053 1126 1226 1198 incertum
1246 1133 1317 1209 est;

259 1250 306 1322 ad
325 1239 595 1341 publicanorum
618 1258 735 1323 autem
752 1252 954 1324 societatem
975 1251 1153 1342 pertinere
1172 1251 1321 1323 conduc

259 1383 354 1454 tores
373 1376 493 1467 [saltus
517 1377 726 1447 Burunitani
751 1377 914 1466 probavit
939 1376 1215 1448 Mommsenius:
1243 1375 1319 1448 fieri

258 1500 374 1590 potuit
392 1508 430 1572 ut
451 1500 487 1571 in
506 1501 692 1572 immensis
713 1501 849 1573 Africae
869 1501 1020 1573 saltibus
1040 1501 1222 1591 publicani
1241 1501 1319 1571 diu·

258 1625 330 1697 tius
350 1645 390 1696 ac
405 1625 511 1705 alibi,
534 1626 580 1697 ob
599 1626 756 1697 culturae
788 1625 1016 1698 necessitates
1045 1624 1316 1716 permanserint.

256 1739 440 1839 Nusquam
472 1755 590 1821 tamen
621 1755 794 1839 apparent
827 1750 863 1820 in
894 1750 1049 1840 praediis
1078 1757 1158 1841 post
1185 1749 1318 1821 Diocle-

256 1875 409 1946 tionum.

307 1999 532 2090 Temporaria
554 2007 671 2070 autem
693 1999 886 2070 conductio
906 2000 1024 2072 adhuc
1042 2000 1079 2070 in
1101 1999 1200 2071 Pauli
1230 2000 1318 2089 trag·

255 2125 388 2196 mentis
409 2121 472 2217 (1),
491 2125 528 2194 in
546 2124 648 2195 titulo
666 2125 778 2196 saltus
795 2125 1020 2207 Burunitani‚
1039 2125 1107 2196 sub
1125 2125 1317 2196 Commodo

255 2250 377 2339 positi,
400 2249 553 2339 aliisque
579 2249 664 2320 locis
685 2249 864 2320 invenitur
889 2268 1006 2340 neque
1029 2257 1109 2341 post
1133 2251 1318 2321 Diocletia-

254 2392 342 2444 num
364 2372 516 2444 deliciet.
539 2372 779 2444 Conductores
800 2373 894 2445 enim
917 2374 1122 2464 temporarii
1142 2381 1226 2444 suut
1247 2394 1318 2445 om·

255 2517 322 2570 nes
342 2498 393 2568 illi
414 2497 524 2567 coloci
544 2495 721 2579 Caesaris,
739 2498 776 2568 in
795 2498 948 2589 Digestis
967 2498 1178 2606 saepissime
1203 2501 1318 2570 nomi-

250 2609 344 2704 nati,
368 2622 411 2694 de
431 2622 562 2712 quibus
583 2620 821 2693 controversia
841 2630 894 2694 est
915 2629 1054 2704 utrum,
1076 2629 1220 2713 propter
1239 2621 1316 2693 fisci

257 2746 464 2826 utilitatem,
497 2746 706 2817 muneribus
733 2747 1011 2837 municipalibus
1040 2747 1138 2836 iungi
1165 2745 1318 2818 debeant
1369 2834 1371 2837 Ι

256 2888 402 2963 annon3
435 2876 469 2941 et
505 2869 624 2940 adbuc
655 2869 863 2940 Constantio
891 2876 1060 2960 regnante
1088 2888 1200 2960 genus
1229 2869 1317 2940 illud

256 2990 504 3063 conductionis
533 2991 622 3059 «tos
640 2988 816 3061 colonatus
843 3017 857 3054 a
890 2991 1071 3064 vocabitur
1094 2990 1158 3085 (5).
1182 2991 1250 3062 Sed
1272 2992 1318 3062 la·

257 3278 331 3322 tores
347 3276 371 3322 si
388 3277 505 3322 scierint
520 3276 577 3333 fore
596 3278 626 3321 ut
647 3276 671 3322 si
685 3277 798 3332 peracto
818 3275 906 3321 lustro
927 3275 1071 3321 discedere
1086 3276 1240 3331 coluerint,
1258 3287 1316 3321 non
1334 3335 1336 3339 y

256 3368 415 3413 teneantur,
432 3379 444 3409 o
462 3363 513 3411 Hic
529 3361 802 3411 animadvertendum
821 3367 861 3409 est
877 3361 906 3408 in
921 3362 973 3409 hoc
990 3362 1070 3409 titulo
1090 3361 1266 3424 Digestorum
1282 3366 1315 3410 cle

255 3455 319 3501 iure
332 3454 392 3512 sisci
408 3452 513 3514 (XLIX,
532 3451 568 3514 ll)
583 3465 639 3499 non
653 3455 768 3513 tantum,
784 3454 815 3498 ut
830 3451 907 3508 olim,
924 3450 957 3498 ad
974 3453 1046 3498 bona
1060 3451 1250 3512 municipalia,
1266 3452 1313 3498 sed

255 3543 384 3591 etiamad
401 3544 472 3590 bona
487 3542 590 3590 fiscalia
603 3543 718 3590 verbum
728 3521 864 3601 'publicus
879 3542 1026 3602 portinere.

287 3630 319 3694 (1)
334 3631 414 3689 Plio,
432 3634 463 3681 ll.
479 3635 522 3689 N.,
541 3629 576 3689 19,
594 3630 616 3692 3,
634 3630 679 3689 39;
698 3635 724 3679 C.
742 3637 762 3681 l.
779 3635 818 3692 L.,
835 3631 883 3691 ΙΙΙ,
904 3630 971 3679 1363.

286 3719 320 3782 12)
331 3720 403 3782 Dig,
416 3718 511 3780 XLIX,
531 3718 568 3778 11,
583 3719 621 3776 15,
635 3720 646 3782 ἓ
661 3719 743 3768 13-14.

286 3809 318 3872 (3)
334 3809 404 3871 Dig„
422 3808 451 3868 L,
468 3808 491 3870 6,
506 3809 527 3869 5,
543 3809 554 3870 ἕ
571 3807 596 3856 11
614 3823 619 3856 :
637 3823 649 3854 n
663 3807 761 3858 Coloni
775 3822 885 3870 quoque
901 3807 1026 3857 Caesaris
1039 3824 1055 3855 a
1069 3809 1229 3856 muneribus
1243 3809 1312 3856 libe-

254 3903 351 3946 rantur
363 3902 394 3946 ut
408 3897 549 3946 idoniores
564 3898 684 3960 praediis
699 3899 837 3947 fiscalibus
853 3900 1013 3946 habeantur.
1030 3914 1042 3943 o
1057 3925 1089 3932 -
1103 3898 1133 3958 L,
1152 3898 1172 3959 1,
1184 3898 1231 3955 38,
1247 3899 1258 3959 ἓ
1278 3898 1286 3945 1
1306 3912 1311 3945 :

256 4002 268 4032 n
286 3987 353 4034 item
371 3986 571 4049 rescripserunt
587 3987 699 4034 colonos
715 3987 891 4048 praediorum
909 3986 968 4035 fisci
986 3987 1145 4035 muneribus
1160 3987 1237 4048 iungi
1253 3987 1312 4034 sine

256 4076 355 4124 damno
370 4075 429 4124 fisci
445 4079 582 4138 oportere.
593 4092 641 4122 o-
652 4074 682 4125 C.
696 4075 773 4137 lust,
788 4075 819 4134 V,
830 4075 870 4135 62,
882 4076 896 4125 8
910 4089 915 4123 :
929 4075 1051 4124 «Coloni
1064 4074 1101 4139 (id
1114 4080 1155 4124 cst
1165 4076 1312 4124 conducto-

254 4164 308 4228 res)
319 4164 494 4226 praediorum
504 4165 538 4212 ad
553 4166 648 4214 fiscum
661 4166 858 4229 pertinentium
870 4164 932 4230 (225)
948 4181 969 4217 r.
983 4165 1034 4214 Hic
1047 4167 1131 4228 igitur
1142 4170 1215 4214 recte
1228 4167 1312 4213 verba

255 4271 267 4302 a
288 4256 318 4302 iol
334 4258 373 4302 est
390 4259 575 4304 conductores
591 4273 604 4300 o
624 4255 808 4305 Tribonianus
829 4256 953 4306 inseruit.
974 4282 1005 4291 -
1024 4255 1054 4305 G.
1071 4255 1135 4314 Th„
1156 4255 1220 4315 XII,
1243 4255 1264 4313 l,
1282 4254 1312 4302 33
