3450 5234
735 571 892 633 -57..

283 715 429 803 apparet
439 727 482 782 en
495 708 629 781 tabulis
644 709 880 783 alimentariis
895 716 931 782 et
944 709 1036 801 ipsa,
1054 727 1161 800 quem
1174 709 1341 793 vidimus,

284 835 328 908 de
356 834 567 906 muneribus
595 833 873 926 municipalibus
902 834 1140 907 controversia
1168 841 1203 907 et
1232 854 1270 909 se
1296 836 1346 907 ita

284 978 341 1032 res
360 959 478 1031 adbuc
495 965 577 1049 post
592 957 853 1030 Diocletianum
874 958 1034 1029 babebit.

334 1085 388 1157 lin
414 1083 521 1156 eiiam
546 1089 685 1175 praeter
703 1084 850 1174 vectigal
871 1089 906 1155 et
924 1101 1097 1155 canonem
1117 1081 1263 1174 praedia
1280 1082 1343 1155 fis-

285 1209 375 1281 calia
389 1208 564 1280 tributum
584 1207 805 1281 ordinarium
822 1207 1034 1291 debuerint,
1056 1226 1182 1300 perum
1202 1208 1315 1299 liquet
1335 1233 1344 1280 z

285 1333 453 1426 portoriis
469 1341 589 1406 tamen
609 1340 773 1424 exempta
792 1352 872 1407 esse
891 1340 1030 1407 constet
1051 1331 1115 1428 (l).

335 1458 416 1530 Tria
430 1458 537 1550 igitur
563 1457 754 1550 praecipua
778 1458 918 1531 colendi
940 1476 1070 1551 genera
1097 1457 1135 1529 in
1164 1457 1347 1530 fiscalibus

286 1583 382 1676 agris
401 1583 601 1674 reperimus
622 1608 631 1654 :
652 1587 685 1653 l⁰
705 1583 875 1656 Familiae
889 1583 1042 1655 rusticae
1061 1583 1236 1655 culturam
1256 1601 1349 1674 quae
1391 1587 1400 1602 '

286 1715 407 1781 tamen
435 1707 637 1780 decrescere
655 1707 838 1790 vineatum
868 1711 905 1779 2⁰
925 1706 1151 1780 locationem
1171 1714 1348 1798 tempora·

288 1834 377 1905 riam
412 1851 477 1906 seu
510 1850 720 1924 magnorum
751 1851 814 1905 seu
844 1851 1040 1934 parvorum
1069 1832 1346 1920 conductorum3

289 1961 326 2030 5ο
351 1959 577 2030 locationem
597 1965 805 2049 perpetuam
833 1957 907 2031 sive
928 1959 1037 2030 totius
1057 1956 1159 2030 fundi
1179 1957 1224 2030 ad
1249 1977 1349 2050 agro·

288 2103 367 2157 rum
411 2083 681 2174 municipalium
719 2083 1052 2175 subsiciuorumque
1087 2084 1346 2166 imitationem,

289 2208 363 2280 siue
381 2207 661 2299 particularum,
684 2214 723 2279 ut
750 2208 788 2279 in
811 2208 969 2300 Aegypto
988 2215 1024 2280 ot
1041 2208 1185 2280 Africa:
1212 2227 1255 2280 en
1278 2225 1349 2298 qua

289 2339 455 2405 nascetur
474 2333 560 2404 binc
579 2331 837 2423 emphyteusis,
858 2332 959 2404 illinc
976 2332 1183 2404 colonorum
1198 2331 1349 2404 censito-

289 2475 368 2529 rum
389 2457 559 2530 conditio.

319 2712 355 2776 (l)
369 2712 441 2776 Dig„
454 2712 577 2774 XXXIX,
594 2711 617 2773 l,
634 2713 648 2764 9
661 2713 673 2775 ἓ
688 2712 703 2761 8
717 2726 723 2762 :
740 2728 753 2760 o
768 2711 866 2762 Fiscus
879 2715 913 2761 ab
927 2712 1049 2762 omnium
1063 2711 1241 2776 vectigalium
1255 2724 1350 2774 praee·

288 2802 440 2852 talionibus
455 2802 584 2851 immunis
600 2806 641 2851 est
657 2816 663 2850 :
680 2806 847 2850 mercatores
867 2805 959 2850 autem
978 2801 1025 2864 qui
1045 2803 1079 2850 de
1098 2801 1193 2850 lundis
1212 2801 1351 2850 fiscalibus

289 2891 406 2940 mercari
421 2895 590 2940 consuerunt
609 2892 712 2940 nullam
731 2891 933 2940 immunitatem
947 2891 1073 2941 solvendi
1087 2891 1191 2955 publici
1208 2890 1352 2954 vectigalis

288 2993 424 3043 usurpare
440 2985 564 3044 possunt.
579 2996 592 3029 u
