3450 5234
778 566 937 630 ..23-

326 701 432 773 modo
451 703 617 775 Pertinax
636 712 678 776 et·
691 703 817 775 Didius
833 705 1012 788 lulianus,
1029 705 1087 775 rix
1102 706 1251 796 imperio
1267 705 1383 795 potiti,

326 825 448 898 tiberis
483 828 646 899 fortunas
684 829 841 920 privatas
879 828 1104 907 tradiderunt
1124 827 1187 921 (t).
1220 828 1335 901 Cessit
1366 847 1388 900 a

324 951 476 1024 traiano
498 953 543 1024 ad
564 972 708 1026 uxorem
740 954 817 1026 eius
846 954 1023 1025 Plotinam
1048 953 1173 1026 fornax
1194 953 1400 1052 Quintiana

323 1075 552 1149 othonorum
572 1086 813 1152 maternorum
837 1086 972 1170 partem
998 1078 1167 1151 Mummio
1188 1078 1381 1164 Quadrato,

323 1203 455 1273 sororis
475 1202 564 1287 titio,
587 1202 730 1275 dedisse
750 1205 885 1275 Marcus
904 1203 1069 1290 Aurelius
1093 1201 1244 1273 traditur
1268 1197 1332 1293 (t).

372 1328 444 1398 Hoo
460 1328 556 1400 enim
583 1329 620 1398 in
648 1330 725 1400 iure
751 1329 919 1400 intererat
945 1328 1038 1400 inter
1062 1326 1188 1397 fiscum
1218 1332 1251 1398 et
1271 1324 1383 1416 patri-

323 1452 483 1524 monium
505 1446 602 1544 q'uod
617 1453 684 1524 troo
703 1454 889 1544 proprium
913 1458 1007 1524 esset
1027 1451 1217 1542 principis,
1245 1450 1306 1522 itte
1323 1471 1386 1522 au-

322 1580 392 1645 tem
412 1575 584 1666 principis
612 1575 719 1647 simut
748 1583 782 1647 et
807 1575 1023 1666 reipublicae
1046 1576 1096 1646 ita
1116 1580 1154 1645 ut
1177 1574 1245 1644 hoo
1264 1573 1326 1644 atii
1346 1593 1387 1645 ao

323 1703 517 1772 successori
546 1702 701 1792 relinqui
731 1701 782 1772 vet
811 1700 940 1791 legari,
967 1700 1028 1772 itte
1053 1699 1188 1770 nemini
1212 1699 1282 1770 uisi
1308 1719 1385 1771 suo·

322 1826 453 1897 sessori
482 1826 674 1899 transmitti
709 1831 843 1917 posset.
881 1823 1020 1896 Putavit
1052 1832 1171 1896 tamen
1198 1827 1385 1896 Mommse-

323 1949 404 2020 nins
426 1945 471 2042 (5)
500 1949 591 2020 nihil
625 1951 718 2022 iuter
751 1956 943 2039 utrumqne
969 1950 1177 2021 thesaurum
1212 1949 1386 2025 iuteresse

322 2081 356 2145 et
374 2092 490 2164 nsque
522 2073 567 2146 ad
597 2081 738 2165 tempus
773 2074 973 2145 Caraoatlae
1007 2073 1133 2145 irsoum
1165 2074 1276 2145 tuisse
1309 2093 1383 2146 rem

321 2200 500 2290 propriam
512 2198 729 2291 principiset
739 2201 815 2271 dari
828 2199 1009 2290 tegarique
1024 2206 1058 2271 et
1078 2199 1247 2270 omnibns
1267 2201 1384 2273 modis

322 2324 469 2414 alienari
481 2325 640 2414 potuisse
655 2343 767 2415 aeque
780 2323 978 2414 eademque
989 2324 1151 2395 libertate
1162 2325 1382 2414 aopatrimo·

321 2451 434 2520 nium.
457 2451 554 2521 Hane
570 2451 775 2540 opinionem
797 2467 903 2522 nemo
921 2456 1104 2540 sequetur,
1123 2450 1381 2522 Hisohtetdius·

321 2593 389 2664 que
407 2571 454 2668 (t)
472 2575 542 2645 iam
557 2574 732 2647 refutavit.
749 2576 845 2660 Quae
857 2582 976 2646 tamen
988 2575 1243 2647 Mommsenius
1260 2575 1381 2646 attutit

320 2707 546 2788 argumenta,
567 2698 720 2771 breviter
736 2717 985 2790 percurramus
1005 2705 1040 2769 et
1057 2704 1339 2789 retorqueamus.

372 2827 404 2892 t⁰
432 2823 530 2909 Quod
551 2825 587 2894 in
607 2824 739 2895 tabulis
758 2823 993 2894 alimentariis
1013 2841 1199 2913 nunquam
1229 2823 1337 2895 tiseus
1361 2844 1382 2895 a

320 2948 534 3039 patrimonio
568 2948 808 3040 distinguatur
839 2944 909 3040 (t),
940 2966 1044 3019 nemo
1072 2947 1260 3019 mirabitur
1289 2973 1296 3018 :
1324 2949 1383 3020 hin

320 3200 368 3244 sed
386 3199 496 3255 tructus
517 3199 558 3245 rei
576 3197 706 3255 publicae
724 3196 850 3242 donavit.
867 3210 926 3240 n—
945 3192 975 3244 G.
993 3193 1029 3242 7:
1047 3208 1059 3239 o
1076 3195 1223 3255 privatum
1240 3196 1380 3254 patrimo-

321 3287 403 3332 nium
419 3285 493 3343 filiae
509 3287 640 3345 reliquit,
659 3287 824 3331 testamento
840 3287 935 3331 autam
955 3297 1055 3331 ornnes
1069 3296 1136 3330 suos
1156 3285 1254 3342 tepetis
1270 3286 1381 3333 idoneis

318 3379 485 3434 prosecutus
500 3378 548 3422 est.
563 3390 575 3419 n
592 3400 621 3408 -
639 3392 650 3416 ιι
666 3372 725 3420 Hoc
748 3375 840 3419 autem
859 3371 1056 3432 patrimonium
1078 3375 1192 3432 postea,
1210 3371 1305 3419 nescio
1324 3386 1379 3433 quo

320 3463 419 3522 modo,
440 3465 481 3510 rei
503 3465 631 3522 privatae
659 3460 775 3509 cessisse
796 3463 901 3508 certum
921 3462 971 3508 est.
992 3475 1004 3505 n
1025 3458 1065 3508 Gi.
1091 3459 1380 3522 NotitiaJdignitatum

320 3550 395 3612 Oce,
413 3565 434 3598 o.
451 3550 460 3599 1
478 3549 579 3611 (comes
596 3563 688 3597 rerum
703 3547 898 3610 privatarum),
912 3548 923 3608 ἓ
939 3546 953 3596 i
969 3561 975 3595 ε
994 3563 1006 3594 n
1025 3549 1173 3596 rationalis
1192 3551 1233 3596 rei
1251 3551 1379 3608 priuatae

317 3655 369 3700 per
384 3643 485 3688 Urbem
496 3645 613 3688 Romam
625 3643 650 3686 et
661 3640 874 3686 suburbicarias
886 3639 1017 3698 repiones
1028 3651 1095 3685 cnm
1106 3642 1187 3697 parte
1200 3641 1353 3686 Faustinae
1365 3655 1377 3685 n

319 3729 468 3790 (Bdcking‚
485 3742 510 3790 p.
528 3726 589 3790 383).

349 3816 381 3878 (1)
396 3816 448 3864 Dio
464 3814 551 3873 Cass,
569 3829 611 3877 ep.
627 3815 665 3873 73,
677 3815 700 3876 7,
713 3815 735 3864 3.
750 3818 855 3863 -Vita
868 3817 1075 3873 maureliani,
1090 3815 1139 3865 c.8
1155 3829 1160 3863 ι
1176 3831 1188 3862 o
1203 3816 1287 3864 filiam
1300 3831 1377 3865 suam

319 3906 422 3969 potitus
438 3905 553 3966 imperio
572 3905 635 3953 dato
651 3905 816 3967 patrimonio
829 3905 1049 3966 emancipaverat
1059 3905 1133 3966 quod
1149 3906 1174 3953 ei
1189 3919 1250 3953 cum
1266 3906 1376 3968 Augus-

319 4000 362 4045 tae
377 3995 487 4045 nomine
503 3995 594 4043 statim
610 3995 747 4043 sublatum
762 3998 812 4042 est.
828 4011 840 4040 n

350 4085 381 4149 (2)
397 4085 507 4144 Marini,
522 4087 538 4133 t.
554 4099 588 4143 c.,
604 4092 642 4132 n⁰'
657 4084 741 4133 tte-28.
757 4083 866 4133 -Vita
880 4084 979 4147 Marci,
996 4098 1019 4133 c.
1035 4085 1058 4134 7.

350 4174 383 4237 (3)
398 4177 577 4236 Staatsreeht‚
594 4173 628 4234 11,
644 4173 668 4232 2,
683 4188 709 4236 p.
725 4173 828 4223 957-961
845 4187 850 4221 :
869 4189 881 4219 e
897 4188 959 4222 cum
973 4174 1083 4223 notis.»

232 4261 236 4265 ’
350 4264 382 4328 (Α)
397 4267 426 4312 L.
443 4277 476 4323 a,
492 4277 518 4326 p.
537 4262 560 4312 8.

350 4353 382 4418 (5)
396 4353 462 4404 Tab.
479 4354 602 4403 Veleian.
617 4368 623 4402 ς
637 4354 810 4418 «imperator
823 4357 919 4403 noster
932 4369 944 4401 n
957 4353 1021 4417 (col.
1035 4353 1062 4415 i,
1075 4354 1123 4403 lin.
1140 4354 1184 4413 6ος
1200 4353 1223 4414 i,
1240 4355 1283 4414 763
1300 4355 1327 4416 6,
1341 4355 1373 4418 2).
