3450 5234
848 610 887 621 ..
908 576 947 636 60
967 607 1007 620 ..

399 712 631 785 conductores
660 720 829 785 vocantur
860 711 931 806 (ll3
960 713 1045 786 inde
1073 714 1217 804 praedia
1246 715 1458 805 plerumque

398 855 441 910 ex
472 838 612 909 duabus
638 838 798 929 partibus
833 845 1019 918 constant,
1046 840 1156 912 altera
1183 823 1224 910 'in
1262 839 1456 930 particulas

398 970 432 1034 et
451 970 565 1033 sortes
588 943 722 1043 diuisa,
752 980 844 1052 quae
872 963 1008 1034 colonis
1032 963 1232 1035 minoribus
1252 964 1453 1044 elocuntur,

397 1088 507 1158 altera
527 1106 618 1178 quae
636 1087 689 1160 rel
707 1105 770 1178 per
790 1086 959 1159 familiam
979 1087 1168 1170 rusticam,
1191 1087 1281 1170 lide,
1302 1094 1342 1159 ut
1365 1087 1456 1159 dici-

397 1217 454 1282 tur
469 1210 659 1292 dominica,
675 1217 853 1291 tractatur,
868 1211 921 1281 rel
936 1211 1058 1282 maiori
1069 1211 1275 1283 conductori
1286 1211 1452 1282 traditur.

396 1333 466 1407 Sed
480 1353 523 1407 en
533 1342 704 1426 perpetua
714 1334 948 1407 conductione
958 1335 1200 1407 nonaumdom
1211 1335 1453 1408 conditionem

397 1458 520 1529 maiori
540 1458 744 1530 conductori
760 1466 794 1530 et
812 1459 942 1529 minori
962 1459 1087 1529 colono
1106 1464 1356 1548 proventuram
1371 1476 1453 1546 esse

394 1583 494 1656 facile
525 1583 770 1674 providemus3
798 1585 856 1655 bio
880 1585 998 1665 enim,
1023 1591 1062 1654 ut
1088 1590 1169 1674 pote
1199 1583 1387 1655 mediocris
1417 1590 1454 1654 et

273 1809 276 1815 Ι
395 1729 549 1802 pauper,
576 1710 700 1801 glebae
719 1708 923 1801 alligabitur
942 1708 988 1780 ad
1007 1709 1171 1781 seruilem
1191 1727 1302 1800 prope
1321 1715 1452 1781 statum

393 1835 555 1908 redactus
569 1858 578 1916 ;
593 1835 654 1908 ille
669 1842 801 1917 autem,
820 1834 933 1916 diues,
951 1842 1091 1927 potens,
1110 1834 1451 1925 emphyteuticarius

393 1957 586 2031 conductor
605 1958 679 2041 fiet,
702 1978 808 2050 quem
827 1958 1043 2030 ridebimus.

441 2083 623 2174 Quidquid
643 2092 761 2156 nmen
781 2083 826 2156 de
845 2085 912 2156 bac
935 2102 972 2155 re
998 2083 1227 2157 sentiendum
1254 2091 1331 2165 est,
1360 2085 1455 2156 iuste

391 2205 602 2277 miraremur
620 2207 650 2278 si
672 2205 858 2277 conductio
883 2212 1071 2297 perpetua,
1097 2204 1284 2295 apriuatis
1303 2224 1450 2297 posses-

392 2331 534 2402 soribus
553 2330 734 2414 adbibita,
756 2350 778 2402 a
796 2330 917 2402 lundis
938 2329 1120 2403 fiscalibus
1140 2332 1257 2402 aliena
1276 2331 1415 2404 luisset.

440 2456 484 2528 ll.
507 2458 566 2528 lus
585 2456 871 2547 perpetuarium,
902 2455 997 2546 quod
1025 2463 1104 2545 post
1128 2456 1386 2528 Diocletianum
1411 2457 1452 2527 in

391 2579 513 2652 lundis
541 2579 724 2653 fiscalibus
751 2580 942 2670 reperitur,
970 2598 1043 2652 non
1073 2581 1176 2670 quasi
1200 2600 1356 2663 norum,
1387 2582 1452 2654 sed

392 2707 496 2797 quasi
524 2705 599 2777 iani
622 2705 903 2778 uetustissimum
930 2712 965 2777 et
993 2706 1251 2779 consuetudine
1271 2705 1451 2780 firmatum

392 2829 622 2903 describitur:
640 2829 736 2902 unde
751 2831 857 2901 etiam
873 2836 955 2901 ante
968 2830 1224 2902 Diocletianum
1240 2832 1308 2903 boc
1326 2839 1450 2903 natum

391 2970 471 3024 esse
486 2952 597 3044 probe
615 2952 837 3025 coniicimus.

441 3076 500 3148 lll.
530 3073 592 3145 Ius
622 3075 660 3144 t'n
685 3098 776 3167 apro
802 3076 980 3169 oectipclr',
1012 3077 1147 3161 idest,
1177 3077 1450 3150 conductionem

390 3208 597 3293 perpetuam
610 3197 797 3284 subsicivis,
814 3201 908 3291 parti
924 3200 1069 3290 quidem
1082 3201 1179 3273 baud
1194 3203 1355 3293 exiguam
1373 3201 1451 3273 lun·

391 3325 516 3398 dorum
536 3324 711 3397 fiscalium
733 3326 931 3398 adhibitam
951 3344 1030 3398 esse
1050 3328 1287 3418 comperimus
1314 3323 1386 3422 (1),
1415 3335 1451 3399 et

390 3450 475 3524 inde
493 3451 538 3523 ad
556 3450 626 3522 alia
642 3451 787 3542 praedia
807 3452 994 3524 transiisse
1017 3452 1203 3542 probabile
1222 3459 1275 3525 est
1297 3477 1305 3523 :
1328 3470 1450 3524 nonne

420 3710 454 3774 (l)
468 3709 539 3760 Vide
553 3725 644 3774 supra,
660 3726 687 3761 n.
703 3712 726 3775 2,
741 3727 767 3775 p.
782 3713 820 3774 57,
833 3712 882 3761 ubi
896 3712 1008 3774 fundus,
1021 3717 1053 3759 ut
1063 3712 1204 3774 probabile
1217 3715 1268 3771 est,
1280 3713 1389 3773 colono,
1400 3713 1448 3760 sal-

389 3806 448 3849 tum
464 3803 555 3849 autem
567 3801 730 3850 conductori
745 3803 876 3850 elocatur,

420 3889 453 3954 (1)
469 3890 581 3953 Hygin„
599 3889 651 3952 llt,
666 3890 740 3940 ll-15
755 3905 761 3939 ι
779 3907 791 3937 u
808 3894 861 3949 Qui
876 3894 1076 3951 superfuerant
1091 3895 1167 3953 apri,
1187 3891 1370 3953 ueclipailibus
1382 3895 1448 3942 sub-

390 3982 454 4029 iecti
469 3985 546 4039 sunl,
560 3983 611 4028 alii
624 3994 676 4040 per
690 3994 822 4040 annos...‚
836 3983 887 4030 alii
903 3994 968 4030 uero
981 3983 1163 4041 mancipibus
1178 3983 1350 4041 ementibus,
1367 3984 1396 4030 iu
1409 3986 1450 4030 est

389 4071 628 4128 conducentibus,
649 4072 680 4117 in
695 4083 787 4118 annos
802 4074 944 4118 centenos.
961 4073 1058 4119 Plures
1074 4084 1138 4118 vero
1158 4071 1238 4129 linito
1258 4072 1306 4118 111ο
1325 4075 1448 4130 ternpore

390 4159 494 4206 iterum
517 4163 640 4206 veneunt
658 4161 843 4219 locanturque
863 4161 902 4207 ita
919 4165 950 4207 ul
971 4136 1154 4220 uectiqalibus
1171 4164 1211 4207 est
1233 4162 1445 4208 consuetudou

391 4246 482 4306 Quum
497 4247 637 4297 subsiciva
650 4248 749 4297 iisdem
763 4249 852 4298 modis
869 4263 900 4297 ac
911 4250 1060 4312 vectigales
1071 4249 1129 4312 agri
1143 4250 1283 4310 locentur,
1300 4250 1379 4299 valde
1394 4250 1445 4316 igi-

390 4340 434 4396 lur
450 4336 592 4400 probabile
607 4341 648 4388 est
663 4351 695 4386 aa
712 4340 739 4386 et
754 4337 783 4385 in
798 4343 962 4405 perpetuum
977 4338 1070 4391 locari.
