3450 5234
731 606 892 669 ..97-

272 748 336 819 ·rio
363 745 486 819 ltaliae
508 745 710 839 praefectus
733 745 933 839 fundorum
955 743 1284 839 patrimoniolium,
1307 743 1346 815 in

285 872 420 956 Africa,
448 872 640 944 collocetur
669 870 739 966 (t),
766 891 839 945 non
870 872 997 964 liquet.
1026 871 1118 942 Fieri
1144 870 1260 961 potuit
1285 875 1345 949 ut,

285 996 388 1086 quasi
415 997 453 1067 in
474 995 718 1088 Cappadocia,
741 998 791 1070 ita
816 999 854 1069 in
875 996 991 1068 Africa
1017 993 1206 1067 extundis
1234 993 1346 1086 patri·

285 1119 504 1192 monialibus
523 1121 706 1211 provincia
725 1122 901 1211 quaedam
923 1125 1114 1192 constaret.

335 1247 376 1315 ln
402 1245 565 1336 partibus
587 1246 744 1319 Orientis
770 1247 838 1318 sub
866 1246 1104 1337 dispositione
1130 1244 1268 1316 comitis
1297 1263 1350 1317 re·-

287 1388 366 1441 rum
390 1369 606 1460 privatarum
630 1378 715 1442 sunt
734 1394 742 1441 :
761 1370 954 1442 rationales
974 1388 1092 1442 rerum
1113 1370 1349 1460 privatarum,

288 1512 440 1583 quorum
469 1512 644 1567 numerus
666 1496 703 1565 in
722 1495 855 1567 Notitia
882 1494 1094 1586 dignitatum
1121 1510 1193 1565 non
1217 1491 1352 1567 indica-

288 1625 371 1706 tur;
393 1620 587 1710 praepositi
615 1638 762 1713 gregum·
786 1627 821 1693 et
847 1620 1072 1693 stabulorum
1095 1616 1165 1712 (l),
1187 1635 1352 1723 procura-

288 1751 383 1817 tores
402 1745 559 1817 saltuum
585 1742 649 1839 (5).

337 1870 481 1943 Praeast
508 1871 614 1943 etiam
644 1890 761 1944 comes
790 1877 910 1944 rerum
939 1870 1156 1961 privatarum
1185 1866 1354 1939 domibus

290 1992 421 2067 divinis
441 2014 534 2085 quae
551 1996 597 2068 ad
617 2015 690 2068 rem
712 1996 883 2087 privatam
905 1995 1088 2087 pertinent
1111 1992 1176 2089 (l).
1221 1996 1224 2003 '

338 2119 523 2209 Magistros
541 2127 659 2192 autem
680 2120 836 2212 privatae
850 2120 914 2211 qui
931 2126 1016 2192 sunt
1031 2120 1098 2191 sub
1115 2118 1355 2209 dispositione

290 2242 429 2315 comitis
464 2244 691 2335 largitionum
727 2245 773 2317 ad
811 2263 948 2317 sacram
979 2253 1112 2316 vestem
1148 2241 1354 2315 referendos

291 2386 364 2439 non
391 2375 505 2459 puto;
528 2388 650 2441 eorum
678 2369 920 2443 conditionem
947 2370 985 2441 in
1014 2368 1125 2441 dubio
1152 2368 1356 2457 relinquere

291 2499 447 2582 praestat
470 2489 534 2586 (a).

340 2619 469 2689 llultos
488 2636 567 2690 esse
586 2626 786 2710 praeterea,
809 2620 871 2710 qui
895 2620 934 2691 in
954 2619 1086 2691 Notitia
1109 2638 1184 2690 non
1207 2635 1356 2690 onoma·

293 2749 434 2822 rantur,
457 2749 703 2833 procuratores
727 2742 947 2815 diversarum
975 2743 1247 2835 possessionum
1278 2760 1354 2814 cer·

293 2873 367 2937 tum
389 2872 444 2937 est
467 2864 531 2960 (6).

342 2992 438 3063 inter
457 2992 552 3083 leges
571 2992 782 3081 iustiniani,
803 3013 896 3084 quaa
923 2992 968 3065 ad
992 3012 1066 3067 rom
1090 3000 1249 3066 nostram
1273 3010 1355 3085 per·

294 3114 425 3195 tinent,
443 3115 618 3187 babemus
638 3117 828 3208 praecipue
848 3118 1025 3189 novellam
1041 3115 1098 3212 (7)
1117 3144 1133 3183 ‹
1152 3115 1196 3185 de
1206 3136 1358 3209 procoe-

293 3240 368 3309 aulc
389 3238 676 3333 Cappadocae»
703 3243 760 3314 cui
780 3244 1033 3334 possessiones
1055 3244 1226 3315 tamiacea
1250 3243 1359 3314 huius

295 3364 498 3455 prouinciae
515 3366 800 3439 committuntur.

296 3583 404 3619 orarum
426 3570 605 3633 largitionum
629 3586 661 3621 ac
685 3576 779 3622 noster
804 3586 897 3623 comes
922 3573 1100 3637 largitionum
1120 3574 1302 3638 privatarum,
1327 3578 1360 3623 ut

296 3660 387 3721 possis
400 3659 538 3709 coniicara
558 3674 592 3709 ex
608 3660 689 3710 titulo
705 3674 710 3709 :
727 3666 765 3710 De
778 3665 913 3712 domibus
928 3666 964 3712 ad
980 3676 1041 3712 rem
1053 3665 1197 3723 pravarum
1210 3666 1360 3723 pcrtinen-

298 3753 382 3810 tibus,
396 3764 454 3800 non
472 3754 590 3800 constat.

327 3837 360 3901 (l)
376 3842 409 3887 N.
424 3844 455 3890 l).
471 3842 579 3901 occid,
595 3853 622 3903 p.
646 3839 671 3889 ll
690 3854 696 3889 :
713 3857 726 3888 o
741 3842 898 3904 praelectus
918 3843 1068 3892 fundorum
1087 3843 1330 3906 patrimonialium.
1347 3858 1361 3889 a

327 3927 414 3989 (ilci.
432 3926 462 3978 C.
480 3928 539 3991 Ta,
556 3926 590 3988 X,
603 3929 631 3988 6;
645 3926 675 3979 0.
693 3929 770 3990 lust„
784 3930 831 3993 XI,
845 3931 889 3992 76;
907 3931 936 3982 O.
954 3933 1013 3993 Tu,
1030 3932 1089 3997 XV,
1107 3932 1144 3995 10,
1162 3932 1183 3984 l.

328 4016 361 4080 (3)
375 4016 406 4067 C.
423 4018 501 4077 lust,
516 4017 564 4080 XI,
581 4018 612 4067 66
625 4023 653 4067 et
668 4019 706 4070 67.

329 4104 362 4168 (l)
376 4110 439 4158 Not.
453 4110 536 4169 Dipo.
554 4112 610 4169 0r.,
626 4123 652 4171 p.
669 4108 699 4157 ll
714 4122 720 4157 :
736 4124 748 4155 «
764 4109 870 4159 Domus
886 4110 1005 4160 divinae.
1022 4126 1081 4158 a—
1096 4110 1126 4163 G.
1141 4111 1201 4169 Tb,
1216 4110 1251 4171 X,
1264 4111 1289 4161 2}

330 4194 362 4257 (5)
374 4199 437 4247 Not.
450 4199 532 4257 Dign.
549 4201 604 4260 0r.,
620 4211 647 4260 p.
662 4195 699 4247 ⁴2.

330 4282 363 4344 (6)
377 4282 409 4333 G.
425 4284 485 4346 Th„
501 4284 575 4347 xvi,
591 4285 628 4344 10,
647 4285 683 4335 13.

331 4372 364 4436 (7)
378 4373 505 4425 Nautio.
