3450 5234
825 565 985 626 ..10-

377 709 453 775 tum
470 704 580 776 luisse
595 704 852 786 Domitianum,
869 703 1002 794 quibus
1025 705 1162 794 reliqua
1180 705 1302 775 omnia
1320 705 1437 776 subsi-

377 829 450 900 civa
468 829 504 898 in
526 835 734 920 perpetuum
756 828 966 900 concederet
990 827 1000 922 (
1026 826 1053 919 ).

425 953 573 1025 Praedia
592 955 699 1043 igitur
719 953 881 1045 publica,
905 954 1067 1043 quamvis
1095 972 1215 1025 eorum
1243 953 1379 1025 reditus
1398 954 1435 1024 in

375 1078 550 1148 aerarium
580 1078 697 1149 adbuc
729 1078 872 1159 flueret,
909 1095 982 1147 non
1015 1079 1139 1168 populi
1171 1078 1329 1159 romani,
1363 1097 1434 1148 non

376 1208 538 1281 senatus,
563 1201 626 1274 sed
648 1202 718 1273 iam
738 1201 782 1272 ab
801 1200 904 1272 initio
925 1202 1160 1292 principatus,
1181 1202 1433 1292 imperatorum

315 1341 321 1398 ‚³
375 1327 521 1398 arbitrio
542 1327 790 1442 administrata
809 1345 888 1397 esse
907 1334 1058 1398 constat.
1116 1368 1119 1385 ι

422 1452 509 1532 imo,
532 1469 574 1521 ex
596 1450 766 1520 Hadriani
787 1457 958 1540 tempore,
974 1469 1018 1521 ne
1034 1451 1191 1521 locorum
1207 1451 1433 1541 publicorum

374 1594 504 1647 nomen
526 1576 670 1665 quidem
693 1582 875 1665 superest;
897 1575 997 1646 lundi
1018 1594 1142 1647 omnes
1163 1576 1267 1648 unico
1288 1577 1434 1648 nomine

372 1701 614 1791 appellantur,
644 1719 773 1790 nempe
797 1695 874 1771 loco
892 1699 1048 1800 piscatio,
1070 1699 1179 1792 foedi
1202 1699 1375 1793 fiscales(
1402 1699 1430 1794 ),

372 1825 421 1897 ita
436 1834 475 1897 ut
494 1825 531 1896 in
553 1825 888 1898 iurisconsultorum
909 1826 1025 1908 libris,
1048 1827 1255 1917 praesertim
1274 1827 1311 1897 in
1330 1828 1432 1899 titulo

372 1951 594 2041 Digestorum
609 1951 652 2023 de
672 1950 751 2020 tore
764 1949 843 2039 fisci
861 1948 912 2045 (5)
930 1957 1121 2041 utrumque
1138 1970 1250 2043 genus
1270 1952 1431 2043 praedio·

372 2093 449 2146 rum
470 2076 694 2166 publicorum
715 2076 965 2166 fiscaliumque
985 2075 1236 2149 contundatur.

419 2201 488 2272 Sed
509 2220 615 2291 quam
637 2201 739 2273 multi
759 2201 902 2283 luerint,
921 2202 958 2271 in
979 2201 1111 2291 quibus
1129 2201 1336 2292 provinciis,
1358 2199 1432 2275 fere

370 2323 589 2414 ignoramus,
614 2327 653 2395 ln
681 2325 782 2396 ltalia
809 2324 927 2406 enim,
949 2331 1030 2414 post
1057 2325 1317 2404 Domitianum,
1340 2325 1431 2396 nibil

307 2460 316 2506 ἲ
371 2468 480 2540 prope
504 2468 546 2521 ex
569 2450 643 2541 agri
664 2450 797 2540 publici
820 2449 981 2540 reliquiis
1007 2451 1111 2521 nobis
1136 2457 1259 2523 notum
1285 2458 1339 2522 est
1361 2451 1431 2522 nisi

370 2594 502 2666 pascua
521 2576 694 2666 quaedam
716 2583 748 2648 et
768 2577 894 2655 saltus,
913 2577 1119 2666 praesertim
1137 2576 1175 2646 in
1192 2577 1319 2648 Piceno
1340 2582 1375 2648 et
1393 2578 1431 2647 in

372 2700 515 2772 Sabinis
546 2698 609 2792 (1).
639 2702 772 2791 Populo
799 2720 966 2782 romano,
990 2702 1020 2773 si
1044 2720 1117 2773 non
1137 2719 1192 2783 re,
1215 2703 1339 2774 saltem
1367 2721 1431 2774 uo-

371 2825 481 2907 mine,
509 2824 626 2896 adbuc
649 2826 686 2896 in
712 2827 814 2897 tertio
838 2824 957 2896 seculo
985 2825 1227 2897 attribuuntur
1252 2815 1431 2917 incognita

371 2950 434 3022 illa
448 2948 635 3041 uectigalia
652 2949 777 3043 populi
794 2948 952 3020 Romani
966 2971 1055 3043 quoe
1074 2955 1156 3019 suot
1173 2948 1268 3020 citro
1284 2948 1431 3019 Padum

400 3169 433 3232 (1)
449 3171 561 3234 Hygia„
579 3170 634 3230 itt,
651 3170 681 3221 20
696 3186 701 3219 z
720 3187 732 3217 u
748 3171 779 3220 ln
796 3170 939 3234 provincia
954 3169 1155 3233 Cyrenensium
1176 3170 1282 3233 lapides
1304 3171 1429 3234 inscripti

369 3261 480 3309 nomine
496 3261 553 3309 divi
564 3260 727 3323 Vespasiani
745 3263 795 3309 sub
812 3261 936 3308 clausula
951 3260 999 3307 tali
1016 3273 1021 3307 z
1038 3262 1167 3318 occupati
1182 3274 1198 3306 a
1207 3261 1329 3319 privatis
1339 3261 1429 3319 fines:

369 3356 397 3398 P.
414 3354 443 3399 n.
459 3351 628 3400 restituit-
638 3350 774 3409 Frontin„
784 3365 809 3413 p.
822 3350 859 3409 5-1,
876 3350 952 3400 8-l‘t:
969 3365 980 3395 o
996 3349 1051 3399 Sed
1066 3355 1212 3412 postquam
1223 3350 1430 3413 (Vespasianus)

368 3441 536 3502 legationum
556 3441 733 3489 miseratione
755 3447 909 3490 commotus
925 3445 979 3499 est,
1001 3441 1066 3502 quia
1087 3443 1269 3503 quassabatur
1282 3441 1429 3490 universus

368 3529 462 3577 Italiae
484 3543 641 3598 possessor,
664 3529 841 3581 intermisit...
863 3529 1116 3592 praestantissimus
1139 3534 1236 3592 postea
1256 3530 1430 3579 Domitianus

368 3619 400 3666 ad
422 3620 474 3667 hoc
493 3619 657 3668 beneficium
677 3620 815 3682 procurrit
832 3624 859 3669 et
882 3614 1047 3669 uno'edicto
1062 3620 1147 3669 totius
1169 3620 1264 3670 Italiae
1278 3624 1381 3669 metum
1395 3620 1429 3668 li-

368 3708 508 3757 beravit.n

398 3794 430 3857 (2)
445 3795 516 3858 Dig,
534 3795 629 3854 XLIX,
648 3795 684 3856 ll,
702 3796 715 3845 3
734 3795 837 3858 {ll-105
852 3795 960 3858 xum
980 3797 1015 3845 13.

398 3885 431 3946 (3)
445 3885 517 3947 Dig..
534 3885 629 3944 XLIX,
648 3885 684 3934 ll.

397 3973 429 4036 (1)
444 3973 581 4035 Frontin.,
599 3988 625 4037 p.
646 3973 697 4022 21:
718 3990 729 4019 u
750 3973 840 4024 Silvas
866 3989 934 4036 quas
956 3974 989 4022 ad
1014 3975 1146 4038 populum
1168 3986 1313 4024 romanum
1334 3975 1428 4023 multis

367 4063 434 4111 locis
470 4063 607 4125 pertinere
628 4077 671 4126 ex
703 4063 844 4111 veteribus
875 4063 1066 4111 instrumentis
1097 4063 1305 4125 cognoscimus,
1334 4067 1365 4110 ut
1393 4076 1428 4111 ex

367 4152 493 4214 proximo
509 4152 538 4199 in
555 4151 674 4201 Sabinis.
692 4168 703 4197 n
719 4152 832 4214 Hygin.-,
847 4151 899 4212 111,
913 4153 943 4201 6:
957 4170 969 4198 o
984 4153 1017 4200 Et
1031 4153 1144 4214 regione
1159 4152 1276 4200 Reatina
1288 4156 1353 4200 sunt
1367 4153 1428 4200 loca

368 4255 392 4302 p.
412 4240 444 4289 R.
461 4257 472 4285 n
490 4239 589 4300 Sicul,
610 4240 665 4300 137,
681 4239 695 4287 ‘2
712 4254 717 4288 :
736 4257 747 4285 «
767 4241 797 4288 In
812 4241 915 4289 Piceno
934 4245 960 4288 et
977 4241 1006 4287 in
1025 4241 1137 4303 regione
1153 4241 1269 4291 Reatina
1284 4242 1312 4288 in
1327 4243 1427 4307 quibus

368 4311 527 4391 regionibus
543 4335 649 4378 montes
668 4329 784 4380 Romani
800 4331 979 4392 appellantur.
997 4346 1008 4376 n
