3450 5234
604 1450 747 1523 CAPUT
772 1453 963 1523 SEXTUM.

340 1748 383 1798 DE
402 1747 627 1800 AUGUSTARUM
648 1747 870 1814 ruvbnbmpttb
889 1749 1074 1803 Pntnclebm
1093 1750 1227 1804 FUNDlS.

304 2007 473 2096 Superest
487 2011 527 2076 ut
542 2005 779 2096 Augustarum
795 2005 1049 2096 patrimonium
1066 2007 1314 2099 inspiciamus,

252 2129 352 2219 quod
374 2148 480 2220 saepe
506 2129 769 2221 amplissimum
795 2129 907 2202 luisse
933 2138 1083 2203 constat.
1113 2132 1148 2203 Si
1165 2132 1317 2204 creden·

253 2253 340 2326 dum
365 2255 496 2334 Taoito,
519 2254 734 2345 Agrippinae
757 2273 843 2344 opes
870 2255 967 2327 baud
986 2257 1108 2346 procul
1132 2257 1178 2327 ab
1201 2257 1314 2346 impe·

254 2377 395 2448 ratoriis
421 2377 532 2466 copiis
559 2376 708 2448 aberant
738 2373 802 2470 (l).
830 2379 880 2448 Ex
910 2378 1073 2451 Salomae
1103 2387 1315 2451 testamento

254 2509 409 2573 cesserat
436 2521 509 2572 una
533 2520 574 2574 ex
606 2503 805 2574 Palestinae
831 2503 1026 2594 toparcbiis
1059 2523 1137 2576 cum
1166 2505 1317 2576 urbibus

255 2626 391 2707 lamna,
414 2625 540 2707 Azoto,
560 2625 742 2707 phasaeli,
762 2624 970 2708 Ascalonia,
991 2627 1246 2719 sexagintaque
1266 2637 1318 2699 ta-

254 2748 432 2820 lentorum
450 2748 566 2819 reditu
586 2747 654 2838 (t).
676 2747 843 2820 Eiusdem
865 2754 967 2820 erant
986 2751 1092 2822 etiam
1112 2751 1258 2842 praedia
1272 2752 1317 2824 ad

256 2873 460 2965 Thyatiram
487 2872 636 2964 Lydiae,
659 2891 678 2944 e
703 2873 835 2962 quibus
866 2893 947 2952 arca
972 2875 1147 2964 quaedam
1173 2876 1318 2947 Liviana

256 2998 441 3071 constabat
475 2997 539 3091 (5).
575 3001 623 3068 Ex
658 3002 856 3090 tegularum
886 3001 1183 3092 inscriptionibus
1214 3003 1314 3073 novi·

257 3140 337 3192 mus
364 3123 470 3192 etiam
491 3121 637 3213 praedia
657 3121 846 3204 Antoniae,
869 3123 974 3194 Drusi
996 3123 1132 3204 u'xoris,
1156 3125 1317 3195 Messali-

256 3264 337 3326 nae,
360 3243 594 3336 Agrippinae,
619 3246 780 3337 Poppeae
800 3245 972 3329 Sabinae,
995 3247 1175 3325 Octaviae,
1197 3249 1317 3320 [lomi-

256 3371 327 3442 tiae
347 3371 560 3452 Domitiani,
581 3371 720 3442 Flaviae
737 3372 957 3453 Domitillae,
976 3371 1137 3444 Plotinae
1156 3374 1314 3452 Traiani,

257 3495 457 3567 Marcianae
478 3495 637 3566 eiusdem
663 3495 813 3575 sororis,
836 3495 1010 3566 Boconiae
1031 3495 1202 3569 Procillae
1219 3499 1318 3568 ariae

257 3626 293 3691 et
307 3619 430 3691 Arriae
446 3618 603 3692 Fadillae
619 3621 743 3691 matris
758 3619 931 3692 Antonini
947 3621 1010 3711 pii,
1024 3622 1189 3693 Matidiae
1204 3623 1318 3694 iunio·

256 3743 320 3822 ris,
339 3743 514 3814 Domitiae
530 3744 698 3825 Lucillae,
716 3745 839 3815 matris
851 3744 957 3816 Marci
968 3744 1116 3828 Aurelii,
1128 3747 1317 3817 Faustinae

256 3867 333 3939 eius
353 3840 492 3950 uxoris,
513 3867 655 3956 libiae,
678 3868 842 3940 Aureliae
862 3868 1017 3940 Sabinae
1038 3869 1115 3942 eius
1136 3869 1230 3942 filiae
1254 3868 1312 3962 (l).

288 4108 322 4171 (l)
339 4108 434 4171 Tacit,
451 4114 536 4171 Ano,
553 4108 627 4170 XIII,
644 4108 681 4159 13.

288 4197 323 4260 (2)
337 4198 457 4262 Iosepb.‚
472 4203 501 4248 Β.
519 4204 551 4260 A,
568 4198 602 4260 ll,
619 4198 656 4248 63.
671 4202 776 4261 Antip,
791 4199 827 4261 18,
841 4199 866 4262 2,
877 4199 908 4258 2;
926 4199 963 4259 18,
979 4200 1002 4259 6,
1018 4201 1039 4248 3.

288 4286 320 4350 (3)
336 4291 362 4336 G.
379 4293 400 4336 1.
417 4291 471 4349 Gr„
486 4287 556 4346 3484,
571 4287 631 4338 3497
645 4288 785 4354 (ἐπίτροπος
799 4291 924 4340 Σεὸαστοῦ
937 4291 1010 4354 ἀρχῆς
1023 4290 1167 4352 Αιουιανῆς),

288 4374 321 4440 (l)
336 4375 390 4424 Pro
402 4389 577 4439 unaquaque,
589 4378 741 4426 secundum
754 4379 862 4439 seriem,
874 4380 941 4428 baec
952 4385 1017 4429 sunt
1026 4384 1194 4442 argumenta.
1206 4372 1328 4439 Mur-at„¹
