3450 5234
727 603 889 664 ..55-

276 740 397 812 uillam
432 741 582 832 suscipit
616 762 698 812 curu
726 763 767 811 ee
800 740 881 812 dote
917 741 973 811 cel
999 740 1122 834 forme
1153 741 1214 813 cui
1244 763 1338 814 nunc

275 863 423 935 babetur
442 863 595 938 chaonia
612 866 698 938 hine
717 867 823 939 verbo
842 867 921 936 dcte
935 867 1037 939 tundi
1058 867 1337 940 instrumentum

276 989 474 1082 designari,
497 979 598 1062 illinc
616 992 762 1063 verbum
783 991 920 1085 foruna,
941 998 981 1064 ut
1000 992 1108 1075 s'olet,
1133 1011 1197 1084 pro
1216 991 1340 1085 formo

276 1113 433 1186 censuali
447 1117 552 1207 poni,
571 1136 642 1206 qura
658 1135 782 1188 omues
799 1118 1076 1208 praestationes,
1094 1115 1340 1206 tributumque

277 1247 311 1313 et
330 1259 443 1313 canon
466 1241 728 1332 significantur,
746 1250 913 1333 apparet;
937 1249 1029 1314 recte
1045 1228 1152 1332 igitul
1167 1259 1338 1314 canonem

276 1385 298 1437 a
314 1353 528 1439 conductore
549 1374 709 1439 exactum
728 1363 842 1439 fuisse
855 1365 1036 1438 coniicias.
1058 1365 1127 1437 Sed
1144 1364 1339 1438 cavendum

277 1499 331 1564 est
353 1510 398 1563 ue
417 1491 562 1563 colonos
582 1509 702 1563 servos
729 1491 840 1564 luisse
858 1510 899 1562 ex
926 1492 982 1562 his
1010 1489 1172 1582 partibus
1192 1490 1340 1581 agrariis

277 1618 438 1708 operisve
463 1618 716 1698 coniiciamus;
747 1637 837 1708 quas
864 1618 981 1689 verius
1002 1619 1198 1689 Mommsen
1220 1610 1338 1688 conie-

278 1741 408 1812 rendas
429 1759 507 1814 esse
528 1749 629 1832 putat
650 1738 698 1835 (l)
722 1760 800 1812 eum
826 1741 1130 1832 praestationibus
1151 1759 1240 1831 quas
1260 1759 1341 1831 pos-

279 1883 437 1937 sessores
459 1865 664 1956 munieipiis
685 1865 731 1937 ad
755 1867 897 1938 labores
917 1866 1080 1957 publicos
1100 1874 1134 1937 et
1157 1864 1340 1956 inprimis

278 1992 324 2064 ad
352 1992 426 2062 vias
448 1989 658 2062 reficiendas
681 1989 864 2088 deberent.
889 1991 1038 2062 Easdem
1061 2010 1205 2082 quoque
1224 1989 1341 2062 adbuc

279 2117 316 2187 iu
333 2116 572 2187 contractibus
588 2116 861 2207 emphyteuticis
877 2116 1020 2207 septimi
1034 2117 1218 2206 oetavique
1230 2115 1340 2188 seculi

278 2241 315 2311 in
333 2242 433 2312 ltalia
453 2239 606 2312 inueniri
621 2241 864 2313 animadverto
881 2261 946 2313 uec
960 2241 1116 2314 libertati
1132 2241 1339 2312 colonorum

279 2365 622 2456 emphyteutieorum
643 2383 783 2437 nocere.

328 2489 429 2575 Quod
450 2489 570 2561 adius
592 2498 742 2581 spectat,
767 2491 856 2561 nihil
885 2489 1055 2563 differunt
1074 2491 1190 2568 coloni
1210 2511 1231 2560 a
1255 2509 1340 2562 eon-

272 2615 487 2686 ·duetoribus
506 2616 575 2685 nisi
592 2615 689 2705 quud
707 2615 743 2685 bi
766 2616 1010 2698 honestiores,
1033 2616 1085 2685 illi
1106 2615 1338 2694 humiliores,

279 2739 316 2809 bi
331 2746 515 2828 potentes,
538 2739 589 2810 illi
612 2740 826 2820 medioeres,
857 2741 894 2810 ui
915 2740 1063 2820 divites,
1093 2739 1144 2810 illi
1165 2757 1341 2830 pauperes

278 2871 362 2934 sunt
385 2887 393 2934 :
416 2863 558 2954 utrique
579 2865 695 2936 liberi.
723 2864 793 2936 Sed
816 2865 845 2935 si
874 2884 946 2936 rem
973 2865 1121 2955 propius
1151 2864 1324 2954 inspicias

278 2995 416 3060 tantum
438 2989 608 3062 differunt
623 2992 716 3061 iuter
733 3009 771 3061 se
792 2997 966 3080 quantum
983 3011 1003 3061 a
1019 3009 1119 3061 seruo
1139 2991 1317 3080 ingenuus
1329 3013 1347 3069 ;·

280 3113 474 3186 conductor
498 3116 591 3185 enim
617 3114 734 3186 adhuc
754 3117 990 3204 temporarius
1013 3124 1083 3195 est,
1111 3116 1281 3206 quoniam
1302 3116 1339 3185 in
1446 3194 1450 3203 ⁴
1516 3187 1520 3195 ,

279 3239 383 3309 titulo
395 3239 615 3310 Burunitauo
625 3238 945 3309 suceessionlsciees
955 3240 1176 3317 indicantur:
1192 3241 1341 3311 colonus

279 3368 397 3435 autem
414 3362 484 3433 iam
501 3362 623 3454 glebae
639 3362 808 3434 adhaeret
821 3363 991 3434 assiduus
1010 3363 1337 3454 hereditariusque:

279 3505 321 3558 err
343 3506 413 3578 quo
429 3495 601 3578 tempore,
624 3489 823 3571 nescimus;
847 3490 955 3559 buius
971 3489 1151 3560 servitutis
1166 3488 1338 3580 originem

279 3612 425 3702 exlege
457 3611 648 3693 Hadriani,
684 3631 791 3702 quam
821 3613 988 3684 invocant
1015 3612 1152 3694 coloni,
1185 3620 1341 3703 repetere

280 3737 413 3817 nolim,
443 3737 576 3827 quippe
602 3756 673 3827 qua
700 3737 893 3829 pensiones
913 3739 1244 3828 praestationesque
1264 3744 1342 3809 tau·

279 3869 356 3933 tum
386 3862 596 3933 constitutas
625 3880 703 3934 esse
726 3861 949 3952 probabilius
972 3862 1032 3933 sit.
1053 3862 1235 3934 Vetustam
1264 3881 1342 3934 esse

279 3986 399 4077 potius
419 3986 716 4058 cousuetudinem
743 3985 975 4072 crediderim,
1003 3987 1231 4058 constitutam
1250 4005 1338 4078 pau-

281 4112 380 4183 latim
400 4111 446 4184 ad
467 4111 669 4203 exemplum
690 4111 788 4184 illius
807 4113 957 4184 colonici
983 4112 1072 4184 iuris
1100 4113 1196 4203 quod
1216 4093 1299 4184 inde
1321 4132 1342 4183 a

314 4371 346 4434 (1)
361 4370 402 4420 Gi.
419 4375 473 4420 Lex
489 4374 583 4419 colon.
602 4374 734 4433 penetra,
749 4373 761 4433 ἕ
776 4372 814 4421 98.
